2608 4252
432 253 486 314 DE
507 251 665 313 SANOTA
679 251 821 313 MARIA.
1103 255 1140 325 51

128 367 233 452 addiret,
250 373 381 436 sacerdos
395 381 428 434 ut
439 376 469 434 in
483 391 592 435 canone
614 373 733 437 calicem
752 374 869 448 levavit,
891 391 1004 435 crucem
1026 391 1143 434 auream

127 462 175 520 sub
201 459 284 543 ciusr)
315 461 389 538 pede
418 464 572 538 conspexit.
616 461 669 522 Oai
697 479 810 522 annexa
840 461 894 520 fuit
914 462 1037 536 cartrrla,
1069 461 1143 522 haec

128 551 260 609 continens
287 550 390 608 verba:
424 548 546 609 Crucem
566 548 641 608 hanc
664 548 742 608 defer
774 553 912 624 exparte
933 565 1011 624 mea,
1032 547 1144 610 Mariae

128 634 223 695 scilicet
241 638 338 694 matris
359 635 471 711 Christi,
493 637 585 695 amico
606 652 671 695 meo
692 635 821 696 Waltcro
844 634 924 693 militi
953 635 989 695 de
1009 636 1144 696 Birbcch.

128 719 211 796 Quam
230 741 292 782 cum
312 721 447 782 sacerdos
467 722 596 798 legisset,
625 729 692 798 post
713 721 932 798 completionem
953 723 1057 782 missae
1077 723 1144 798 pul-

128 799 207 882 pitum
235 809 361 870 ascendit
393 815 422 868 et
454 807 603 868 clamavit:
634 809 724 868 Estne
756 809 858 885 aliquis
889 807 936 868 hic
968 808 1063 883 miles,
1095 813 1145 884 qui

128 892 258 976 vocatar2)
279 896 424 956 Walterus
447 894 483 954 de
504 894 650 955 Birbech‘?
692 895 943 971 Respondentibus
965 894 1145 970 quibusdam,

130 995 188 1040 eece
204 984 254 1042 istc
275 988 332 1058 est3
354 981 489 1042 sacerdos
511 999 576 1041 cnm
598 999 727 1042 seorsum
749 983 843 1058 duxit,
871 999 986 1042 crucem
1006 984 1145 1058 porrexit,

130 1073 154 1126 et
182 1068 228 1128 ubi
256 1068 334 1130 illam
361 1071 512 1142 invenerit,
544 1069 593 1128 vel
621 1071 684 1144 quis
712 1071 819 1129 miserit
847 1071 995 1130 intimavit
1051 1068 1145 1144 Quam

129 1151 208 1214 holus
237 1158 405 1231 suscipiens,
437 1157 467 1214 in
494 1155 706 1215 Hemmenrodc
739 1173 907 1230 conversus,
939 1173 1004 1215 eam
1037 1155 1146 1216 Abbati

130 1242 274 1317 raugnavit
315 1243 422 1302 Postea
436 1241 587 1302 Comitissa
604 1242 784 1318 Hollandiae,
806 1245 900 1302 missis
921 1243 1048 1303 honestis
1070 1261 1145 1302 nun-

130 1328 179 1401 cis,
197 1328 312 1388 eandem
333 1345 457 1388 crucem
469 1329 523 1390 sibi
545 1325 634 1409 dari³)
656 1331 765 1412 petivit,
787 1329 886 1390 attali
907 1330 993 1390 modo
1017 1331 1146 1390 obtinuit.

131 1411 250 1518 dumque.
271 1423 428 1476 conventus
456 1417 567 1475 nunciis
594 1409 792 1492 responderet,
824 1433 882 1476 non
908 1434 1061 1492 possumus
1083 1435 1147 1478 earn

129 1498 199 1575 darc,
225 1504 277 1562 nisi
304 1505 341 1562 sit
368 1501 501 1562 voluntas
528 1502 621 1562 fratris
649 1502 784 1578 Walteri,
812 1511 973 1588 sperantem
990 1503 1068 1579 quod
1089 1521 1146 1563 non

128 1595 266 1662 annueret,
294 1591 447 1664 requisitus
469 1589 506 1648 de
526 1588 582 1649 hoc
603 1590 763 1665 respondit:
794 1589 857 1666 Ego
878 1581 948 1648 nihil
967 1593 1147 1667 proprietatis

128 1672 223 1750 haheo,
249 1692 338 1756 penes
358 1674 505 1736 Abbatem
532 1682 584 1736 est
627 1677 732 1752 Sioque
754 1675 882 1736 dolentes
902 1675 979 1736 illam
1002 1681 1147 1736 miserunt.

128 1759 205 1821 buius
224 1779 324 1822 aurum
345 1763 415 1822 tanti
436 1762 554 1840 fulgoris
576 1769 628 1838 cst,
652 1769 685 1822 ut
705 1780 789 1822 omne
810 1781 912 1822 aurum
932 1765 962 1822 in
983 1767 1045 1824 eius
1066 1781 1147 1824 com·

127 1851 260 1922 pactione
297 1847 445 1925 pallescat
502 1849 597 1925 Quam
630 1850 783 1910 Comitissa
813 1853 886 1910 inter
914 1849 1048 1926 reliquias
1080 1869 1148 1912 suas

125 1938 252 2011 reposuit,
280 1953 316 1996 ca
344 1937 385 1994 uti
413 1952 469 1995 non
497 1937 616 1996 audens.
667 1937 856 1997 considerans
878 1937 1023 1997 Walterus
1052 1938 1147 2000 adhuc

124 2021 150 2078 in
180 2021 289 2082 saeculo
326 2024 450 2098 positus,
490 2029 570 2084 tanta
602 2026 677 2084 circa
709 2041 740 2083 se
772 2027 875 2084 beatae
906 2024 964 2086 Dei
996 2024 1147 2086 Genitriois

124 2107 305 2185 beneficia,'
298 2128 327 2167 ιι
359 2115 469 2168 tantum
501 2112 530 2170 in
562 2111 637 2172 illius
666 2128 763 2171 amore
785 2108 952 2192 accensusl)
975 2118 1032 2187 est,
1064 2097 1125 2171 ιιι·
1117 2131 1147 2172 ιι

124 2194 238 2270 quadam
265 2213 392 2272 paupere
421 2194 557 2272 ecclesia,
588 2199 617 2256 in
646 2200 706 2258 eius
726 2198 834 2258 honore
857 2197 1000 2273 dedicata,
1033 2201 1147 2262 conscio

123 2281 304 2357 sacerdotal
302 2300 357 2342 unc
379 2282 452 2344 collo
475 2300 526 2343 suo
541 2282 683 2364 iniecta⁵)‚
705 2302 821 2344 servum
833 2284 936 2361 glebae
957 2302 989 2345 se
1009 2285 1049 2344 illi
1061 2302 1148 2362 super

122 2367 203 2429 aliare
224 2370 351 2444 offerret,
382 2369 496 2448 solvens
525 2371 643 2447 singulis
664 2373 745 2430 annis
768 2389 885 2432 censum
907 2371 1057 2448 decapite
1079 2390 1148 2448 suo,

122 2455 226 2529 qualem
239 2457 314 2516 servi
332 2458 473 2534 originarii
492 2457 604 2517 solvere
626 2464 843 2518 consueverunt
885 2458 925 2517 Et
946 2461 1013 2534 quia
1032 2467 1149 2536 propter

122 2540 249 2603 honorem
277 2543 406 2619 Reginae
435 2543 565 2604 coelestis
592 2561 624 2604 se
651 2551 711 2604 tam
740 2539 857 2624 velde‘)
883 2546 1056 2622 humiliavit,
1083 2551 1148 2624 ipsa

121 2644 197 2688 suum
228 2630 363 2690 dilectum
392 2627 509 2710 etiam¹)
538 2629 717 2707 glorificavit.
749 2665 791 2684 .—
824 2631 930 2692 Solitus
963 2639 1024 2692 erat
1050 2636 1080 2691 in
1102 2637 1147 2693 vi-

120 2715 187 2789 giliis
219 2719 346 2776 omnium
376 2715 632 2798 sollemnitatum⁸)
668 2719 770 2779 beatae
800 2719 963 2796 Virginis
955 2722 1080 2779 ieiunare
1118 2723 1148 2780 in

121 2817 187 2875 pane
208 2812 237 2863 et
256 2821 342 2878 aqua,
364 2810 393 2864 et
394 2820 499 2896 saepe
521 2806 636 2864 etiam
628 2824 657 2863 ιιι
679 2808 766 2866 sends
785 2805 870 2880 feriis,
894 2807 931 2864 ob
959 2809 1147 2866 reverentiam
1261 2864 1263 2868 ,

120 2888 233 2950 sabbati.
275 2890 332 2949 Die
353 2869 478 2965 quadam
499 2907 599 2950 servus
618 2893 754 2951 ieirmanti
774 2909 827 2950 vas
848 2890 1030 2973 parvulum⁹)
1061 2893 1148 2954 fictile

121 2989 179 3034 curn
204 2995 282 3054 aqua
311 2975 426 3051 obtulit,
459 2993 546 3052 quam
573 2979 604 3037 in
632 2981 693 3038 eius
722 2980 855 3038 manibus
883 2979 980 3038 divina
1008 2983 1126 3042 virtus
1118 3001 1147 3040 ru

121 3061 210 3122 ιιιιιι
231 3066 371 3140 optimum
394 3067 541 3124 convertit.
584 3064 639 3140 Qui
667 3083 732 3124 cum
758 3071 901 3142 gustasset
921 3083 1027 3142 aquam
1049 3071 1147 3128 vinum

67 3221 73 3238 Ι
119 3145 215 3210 betam
229 3147 269 3231 ¹⁰),
290 3167 404 3210 servum
420 3161 529 3212 secrete
546 3147 661 3212 locavit
682 3159 712 3213 et
732 3154 834 3228 arguit,
856 3152 952 3213 dicens
975 3156 1028 3214 sibi
1049 3158 1147 3214 vinum

121 3249 166 3306 pro
192 3255 268 3314 aqua
300 3239 497 3298 ministratum.
546 3238 632 3315 Quod
660 3257 727 3299 cum
757 3237 804 3300 ille
836 3247 985 3318 negasset,
1018 3258 1146 3302 asserens

121 3337 149 3378 se
174 3322 301 3384 hausisse
330 3341 436 3400 aquam
465 3324 501 3384 de
530 3325 629 3399 situla,
657 3344 710 3386 vas
737 3329 856 3403 recepit,
892 3336 920 3389 et
948 3329 1061 3403 effudit,
1088 3330 1146 3387 sic·

121 3422 171 3479 que
202 3429 278 3488 aqua
311 3413 463 3486 purissima
496 3410 613 3488 impleta
628 3410 672 3494 ¹¹),
711 3418 744 3471 ut
779 3432 895 3475 securus
934 3421 1024 3490 esset,
1061 3431 1147 3491 prac-

137 3541 165 3610 l)
181 3545 271 3598 calicis.
292 3575 323 3585 -
342 3545 374 3613 2)
392 3544 433 3598 Bc
456 3557 602 3600 vocatur.
637 3547 708 3600 conl.
728 3549 857 3614 v111,85.
879 3580 909 3590 -
929 3551 998 3617 3)c
1021 3549 1145 3602 donari.

184 3616 263 3682 -t)
280 3615 322 3668 BD
341 3631 579 3668 succensus—
549 3619 631 3684 —5)
644 3618 730 3670 Aaou
748 3621 880 3671 iniecto
892 3620 965 3672 hlox
983 3619 1002 3671 B
1021 3634 1145 3670 servum

182 3684 410 3752 adglebam.—
425 3686 698 3753 6)BGvalide.-
718 3688 1145 3755 7)Betiammiraculis.—

183 3753 550 3821 ssjlliestivitaturnn-
520 3757 604 3824 9)
623 3757 662 3810 BG
687 3772 875 3824 parvum
848 3756 1053 3826 -10)Johan.
1077 3755 1145 3818 2,9.

185 3824 472 3892 -li)Creplota.
