2512 4254
306 263 362 326 DE
382 264 566 329 DIVERSIS
588 263 824 328 VISIONIBUS.
1021 267 1084 328 139

69 393 119 448 tem
142 389 248 466 patroni
275 389 323 448 sui
348 389 426 451 beati
454 387 602 452 Pontificis
620 388 762 466 Nycholai
782 387 820 448 ud
841 385 969 448 diversas
988 393 1085 448 trans·

69 477 189 536 miserum
212 476 382 552 provincias.
424 475 495 534 llrat
516 477 592 534 enim
612 475 736 534 cristallo
756 474 892 534 inclusus.
932 475 988 535 Die
1009 491 1085 552 qna-

69 559 125 620 dam
141 578 202 622 cum
221 560 432 638 praedicatores
453 562 493 622 illi
507 558 524 642 ¹)
547 561 717 622 conductitii
736 561 886 622 inhoneste
906 578 937 646 se
959 559 1085 638 gerendo
1120 579 1130 592 “

69 665 113 706 rss
130 653 268 710 mutarum
288 647 470 724 reliquiarum
492 649 716 724 circumferrent,
744 647 884 708 cristallus
906 651 1029 724 crepuit,
1050 665 1086 710 ac

69 733 208 796 siillorum
232 734 424 811 blasphemias
445 734 576 795 Pontifex
597 735 846 795 reverendissimus
867 736 1007 796 sustinere
1027 752 1086 796 nou

69 829 160 896 posset
208 820 274 898 Quo
308 820 445 881 miraculo
473 824 535 882 riso
564 818 744 902 monachi²),
773 820 888 882 dentem
915 820 1086 896 retulerunt,

70 908 263 984 nemeadtale
279 925 351 984 opus
363 908 438 968 ultra
459 925 525 968 enm
547 907 584 968 de
604 911 777 970 monasterio
799 908 890 969 efferri
911 911 990 984 passi
1010 915 1086 968 sunt.

70 993 122 1071 Ego
136 1001 279 1072 nupturam
301 990 456 1073 eimdemt)
479 995 592 1055 cristalli
613 995 681 1055 vidi
722 993 923 1056 NOVIGIUS:
946 994 1023 1071 Quid
1043 1000 1088 1055 est

71 1079 263 1158 quodquidam
279 1087 419 1158 martyres
432 1081 494 1140 aliis
507 1084 616 1142 maiore
630 1084 712 1159 signa
731 1082 839 1142 iaciunt
858 1087 925 1157 post
945 1078 1088 1142 mortem?

69 1165 145 1228 Esne
161 1168 215 1229 hoc
229 1185 265 1228 ex
276 1168 373 1244 aliqua
386 1170 539 1228 eminentia
551 1167 730 1230 sanctitatis?
751 1167 985 1228 MONAOHUS:
1007 1167 1089 1230 Sicut

70 1251 304 1335 superius'diril),
330 1255 468 1314 miracula
494 1272 554 1314 non
575 1261 641 1314 sunt
663 1255 699 1315 de
721 1255 881 1314 substantia
901 1257 1008 1330 meriti,
1035 1252 1089 1316 sed

70 1341 140 1416 signa
167 1343 332 1402 sanctitatis.
381 1341 506 1417 Quidam
538 1344 629 1401 sancti
656 1344 687 1400 in
714 1344 775 1402 vita
806 1357 860 1404 sua
887 1341 978 1404 multa
1006 1343 1089 1419 signa

70 1426 169 1504 iaciunt,
186 1434 292 1504 etpost
311 1435 433 1488 mortem
455 1430 613 1504 quiescunt.
654 1427 714 1488 Alii
735 1445 899 1501 econverso,
921 1431 989 1504 quia
1009 1427 1090 1488 nulla

70 1517 210 1576 smctitttis
223 1532 293 1575 suae
307 1515 412 1576 indicia
433 1517 462 1574 in
475 1514 583 1575 mundo
605 1514 753 1591 dedenunt,
772 1524 839 1592 post
859 1520 980 1576 mortem
1000 1516 1089 1577 mira·

72 1599 131 1660 ndis
151 1600 315 1664 dnescunt.
860 1603 862 1608 ’

393 1824 624 1890 caenosum
644 1827 758 1890 exus.
816 1791 818 1796 ’

75 1945 160 2024 Olore
180 1948 281 2012 beatus
304 1951 434 2012 iitornos
457 1951 677 2011 Contuottensis
693 1951 765 2036 plus
786 1953 887 2010 ceteris
908 1949 1091 2028 martyribus

406 2039 557 2098 miraculis
581 2039 739 2098 choruscat.
799 2046 800 2051 ’

127 2155 228 2218 Beatus
255 2175 324 2220 vero
352 2159 479 2220 Thomas
502 2160 663 2237 Episcopus
685 2157 967 2236 Cantuarieusisqui
986 2158 1091 2220 nostris

75 2243 231 2320 temporibus
243 2263 296 2323 pro
314 2246 452 2306 ecclesiae
472 2247 602 2306 libertate
623 2263 715 2322 usque
736 2245 773 2307 ad
794 2252 916 2305 mortem
937 2245 1091 2318 dimicavit,
1190 2279 1196 2284 ·

75 2328 146 2388 culis
171 2333 310 2394 miraculis
335 2335 366 2392 in
393 2335 452 2392 suis
476 2334 721 2411 persecutionibus
742 2332 937 2408 choruscant,
963 2333 1090 2407 satisque

76 2412 106 2474 da
133 2415 178 2478 illo
204 2425 272 2496 post
301 2421 476 2480 occisionem
504 2421 680 2495 disputatum
708 2426 760 2480 est
808 2418 933 2496 Qtridam
960 2417 1092 2478 dixerunt

75 2515 128 2562 cum
144 2503 306 2568 demnatum
328 2512 361 2568 ut
379 2508 460 2584 regni
479 2506 667 2584 proditorem3
689 2505 738 2566 olii
757 2513 912 2583 martyrem
932 2507 976 2565 uti
997 2504 1091 2565 eccle·

73 2589 123 2648 tice
151 2592 355 2654 defensorem„
391 2593 502 2653 Eadem
536 2595 665 2670 quaestio
698 2593 815 2652 Parisiis
840 2595 913 2652 inter
940 2594 1092 2668 magisnec
1175 2586 1180 2605 '

74 2677 195 2740 vestuta
221 2687 274 2740 est.
315 2680 390 2739 Nam
417 2682 554 2758 magister
580 2679 712 2758 Rugerus
736 2681 841 2740 iuravit
866 2679 946 2742 illum
974 2678 1092 2754 dignum

73 2760 146 2826 nisse
169 2773 274 2844 morte,
301 2774 330 2828 ot
358 2768 383 2826 si
410 2767 556 2842 neptali,
582 2766 660 2827 beuti
679 2769 733 2828 viri
754 2768 943 2827 constantiam
962 2764 1093 2827 iudicans
1158 2765 1160 2768 ’

74 2856 274 2916 contumaciam.
315 2853 442 2914 Eoontra
469 2857 604 2932 magister
630 2853 733 2914 Petrus
762 2853 869 2914 Cantor
896 2853 1000 2911 iuravit
1026 2867 1093 2910 eum

74 2950 127 2997 esso
151 2947 303 3020 martyrem
330 2939 395 3000 Deo
425 2940 557 3017 dignum,
589 2946 689 3016 utpote
716 2956 769 3017 pro
795 2940 926 2998 libertate
954 2936 1093 2998 ecclesiae

73 3024 239 3088 munaum.
281 3027 410 3104 Quorum
427 3029 624 3103 quaestionem
646 3026 776 3086 Christus
797 3025 890 3100 solvit,
910 3042 976 3085 cum
996 3023 1094 3096 multis

74 3115 225 3190 anagnis
248 3114 331 3174 illum
358 3117 446 3192 signis
473 3112 650 3192 glorificavit.
697 3113 764 3173 Non
794 3112 860 3173 idco
891 3117 988 3173 tamen
1008 3109 1093 3187 Apo·

74 3196 143 3258 stolis
173 3204 233 3262 sive
264 3200 327 3261 aliis
358 3202 470 3279 magnis
501 3201 674 3279 martyribus
705 3201 867 3260 inmeritis
892 3197 1094 3276 praeferendus

75 3287 119 3358 cti,
137 3289 182 3362 qui
198 3293 279 3348 tanta
300 3292 409 3347 ettam
431 3288 531 3347 crebra
544 3285 682 3346 miracula
694 3292 761 3362 post
773 3293 894 3346 mortem
914 3286 1015 3346 iecisse
1035 3301 1093 3344 non

75 3364 199 3446 legumus.
237 3373 336 3436 Simile
370 3373 461 3435 habes
482 3373 519 3434 de
540 3380 639 3434 sancto
661 3371 784 3435 Annona
806 3372 968 3434 Coloniensi
986 3365 1094 3432 Archi-

91 3553 118 3622 i)
131 3555 179 3610 illi
195 3557 244 3612 cdd
261 3557 292 3612 B.
312 3588 342 3598 -
362 3558 394 3627 2)
411 3557 434 3611 B
452 3555 597 3611 monachi
614 3559 694 3612 viso.
711 3589 742 3602 -
763 3560 794 3628 3)
811 3557 992 3612 Ateius·
1010 3554 1094 3625 ⁴)V1·

132 3627 154 3678 5.
176 3626 245 3694 lilii,
271 3629 313 3681 53.
336 3627 426 3680 Homil.
444 3627 474 3680 ll.
493 3644 518 3695 p.
536 3628 584 3682 36:
625 3627 775 3696 Prophetiae
799 3638 825 3681 at
844 3644 876 3681 uo
898 3625 1018 3680 miracula
1041 3639 1094 3676 non

132 3704 187 3749 sunt
202 3697 234 3750 de
252 3697 392 3766 eutelamio
409 3699 563 3763 sanctitatis,
580 3665 625 3749 sed
643 3646 899 3761 imminuendae,
916 3697 995 3765 magis
1011 3695 1094 3763 perti-

132 3769 214 3820 nentia
229 3767 263 3820 nd
281 3768 419 3836 praemium
437 3783 512 3836 qnam
529 3767 652 3822 meritum.
687 3765 765 3822 ludus
782 3784 839 3822 cum
856 3768 948 3822 ostede
964 3760 1094 3834 Apostolis

132 3836 199 3906 signa
216 3835 290 3904 iecit3
308 3835 427 3908 Cnyphns
443 3833 768 3907 reprobunprophsnvitt
