2512 4254
158 259 218 318 176
499 255 727 320 DISTINCTIO
748 255 860 320 NONA

158 379 242 455 quasi
252 375 270 458 ¹)
291 377 441 455 plumbum
474 375 679 440 descendentes
707 381 737 442 in
764 377 937 455 profundum
958 383 1024 439 sunt
1043 379 1170 438 submersi.

156 465 236 525 Pixis
266 483 335 526 vero
367 483 433 525 cum
461 473 640 526 sacramento
668 465 765 526 statim
793 466 831 526 ab
860 465 971 543 angelis
998 463 1106 526 sublata
1130 472 1171 525 esi.

157 551 268 612 Videns
296 552 430 612 sacerdos
450 550 524 612 haec
545 555 653 628 omnia,
686 553 722 614 de
743 552 880 612 miraculo
903 552 1018 628 quidem
1040 551 1172 628 exultavit,

158 638 212 700 scd
233 638 268 698 de
289 642 399 699 lactura
415 643 585 699 sacramenti
606 639 704 699 doluit
735 639 839 700 Totam
860 656 929 699 vero
950 639 1029 700 illam
1037 635 1057 719 ²)
1076 645 1173 700 noctem

158 729 188 786 in
215 724 337 786 lacrimis
359 732 388 786 et
408 728 516 803 gemitu
536 729 675 788 transiens
684 723 721 808 ³),
752 744 837 787 mans
857 726 985 802 pixidem
1007 743 1071 786 cum
1090 743 1173 788 sacra-

152 820 257 886 ‚mento
278 815 381 890 reperit
401 829 487 889 super
500 813 598 874 altare.
629 813 712 873 Haec
733 813 817 874 nobis
838 813 941 874 eodem
955 819 1082 891 tempore
1100 812 1174 872 relata

121 897 141 956 b
159 906 234 960 sunt.
276 898 364 959 Aliud
391 901 421 960 iu
448 902 521 960 mari
554 899 590 962 de
611 917 728 978 corpore
749 900 867 960 Domini
888 901 1008 979 contigit
1026 899 1174 962 miraculum

161 986 238 1064 quod
259 1004 317 1047 nou
337 985 438 1047 silebo.

507 1177 740 1240 CAPITULUM
755 1177 843 1239 XIII.

192 1367 195 1381 ι
244 1299 322 1360 Item
342 1299 378 1358 de
399 1315 521 1376 corpore
541 1301 667 1360 Domini
687 1301 769 1376 quod
792 1319 871 1360 uoce
891 1299 1050 1378 corifum
1070 1301 1109 1361 ad

480 1388 611 1464 reliquas
638 1405 730 1447 naves
750 1392 877 1448 notovit

222 1483 351 1584 'Quando
382 1508 411 1566 iu
438 1509 494 1567 ista
522 1525 628 1585 magna
649 1503 828 1584 expeditione
848 1525 939 1568 naves
960 1525 997 1568 ex
1019 1505 1094 1567 omnl
1112 1509 1179 1581 parte

162 1592 349 1660 Alemannlae
371 1583 560 1672 colgregatae
581 1613 659 1655 mare
680 1597 865 1671 intraverunt,
885 1595 923 1655 ob
946 1612 1048 1655 causas
1070 1593 1179 1653 diversas

160 1687 346 1759 praeceptum
368 1687 412 1741 est
431 1681 629 1745 sacerdotibus
654 1699 691 1742 ne
712 1684 742 1741 in
763 1681 860 1758 aliqua
879 1684 948 1741 nari
969 1697 1072 1759 corpus
1092 1679 1179 1740 Domi·

152 1770 258 1847 auicum
289 1775 460 1830 servaretur.
508 1769 591 1846 Quae
619 1786 686 1829 cum
714 1786 814 1828 omnes
841 1771 925 1828 iussis
953 1769 1180 1846 obtemperarent,

162 1873 221 1916 una
249 1855 312 1916 sola
339 1858 422 1916 navis
442 1855 595 1915 Frisonum
615 1856 731 1915 obedire
752 1855 857 1931 noluit,
889 1873 965 1932 quae
993 1858 1075 1916 citius
1095 1853 1180 1913 inobe-

161 1941 284 2002 dientlae
310 1959 433 2018 poenam
462 1942 556 2002 solvit
597 1943 655 2002 Dci
682 1941 823 2018 siquidem
848 1941 954 2002 iudicio
977 1942 1119 2002 contracta
1136 1945 1181 2011 est,
1241 1949 1242 1954 ’

163 2035 193 2088 et
224 2031 297 2104 pixis
326 2046 444 2088 servans
472 2047 575 2105 corpus
603 2030 721 2092 Domini
749 2037 829 2088 cum·
843 2031 943 2090 ceteris
971 2046 1047 2105 quae
1072 2030 1102 2087 in
1126 2025 1181 2085 nari

164 2122 245 2174 erant
266 2117 365 2175 eiecta
396 2113 536 2176 Homines
552 2134 622 2177 vero
644 2117 706 2176 aliis
726 2117 850 2182 naribus
867 2117 1102 2177 subvenientibus
1120 2113 1181 2173 bbe-

41 2259 46 2280 ,
164 2205 218 2262 rati
249 2208 324 2262 sunt.
366 2201 405 2261 Et
433 2219 500 2264 ecce
521 2203 620 2264 vident
642 2207 751 2264 eminus
772 2203 897 2281 pixidem
917 2206 947 2262 in
967 2202 1071 2282 pelcgo
1091 2207 1181 2261 natan·

163 2299 230 2366 tem,
252 2307 327 2366 quae
348 2296 409 2349 tam
429 2290 514 2350 celeri
533 2297 615 2351 motu
636 2290 674 2350 ad
695 2308 785 2352 navos
805 2291 974 2366 festinabat,
1000 2297 1035 2350 ut
1054 2287 1181 2351 velificare

163 2375 315 2437 videretur.
358 2377 440 2454 Quae
461 2395 527 2438 cum
547 2380 577 2437 in
597 2375 724 2459 narim⁴)
745 2395 834 2440 unam
854 2383 970 2454 recepta
992 2377 1099 2452 fuisset,
1116 2369 1181 2434 aliud

163 2463 192 2522 in
225 2479 261 2524 ea
291 2465 385 2523 slsum
418 2470 462 2524 cst
488 2465 665 2525 miraculum.
709 2465 782 2524 (ium
810 2463 976 2540 operculum
1004 2459 1093 2542 elus⁵)
1119 2463 1182 2522 esset

163 2548 309 2628 patulum,
339 2567 493 2611 necznona
521 2555 597 2612 circa
617 2551 725 2612 nodum
745 2552 904 2625 firmanum,
931 2553 1005 2611 inter
1025 2550 1113 2610 undas
1130 2545 1183 2606 illut

163 2637 338 2713 procellosas
372 2655 427 2698 nec
461 2657 519 2698 una
551 2639 667 2715 qrridem
698 2638 810 2716 guttula
840 2641 965 2698 intravit
1015 2637 1183 2698 Hermannus

164 2725 301 2786 Decanus
322 2728 413 2786 sancti
435 2725 573 2786 Gereonio
594 2729 624 2784 in
637 2725 756 2786 Colonia
777 2727 827 2802 qui
846 2741 983 2800 praesens
1003 2725 1057 2784 luit
1077 2727 1105 2786 et
1122 2721 1183 2780 bace

164 2812 251 2890 vidit,
278 2830 330 2890 pro
358 2831 464 2890 magno
491 2813 628 2874 miraculo
653 2831 689 2873 ea
709 2812 782 2872 solet
801 2814 930 2874 recitare.
972 2811 1063 2874 Terra
1083 2799 1183 2882 edam‘)

163 2900 193 2958 in
214 2899 270 2962 hoc
291 2908 470 2962 sacramento
492 2917 577 2960 suum
597 2902 776 2978 recognoscit
796 2905 953 2966 auctorem.

321 3077 325 3086 ⁴
446 3105 449 3110 ·
506 3072 739 3136 CAPITULUM
768 3072 855 3134 XIV.

186 3191 234 3251 Dc
254 3209 376 3269 corpore
394 3195 520 3282 Domina·
541 3198 623 3274 quod
644 3196 783 3256 Coloniae
805 3195 841 3254 de
861 3191 1000 3254 monibus
1020 3187 1168 3252 sacerdotio

343 3281 443 3342 labeas
471 3283 564 3360 lcpt'di
582 3285 758 3343 miraculose
779 3286 952 3368 impressum
975 3287 1024 3339 esi.

229 3400 375 3476 Plebauus
404 3410 521 3464 sanctam
543 3404 700 3464 Columbae
727 3406 757 3488 iu
780 3402 898 3462 Colonia
925 3419 991 3462 cum
1017 3403 1047 3460 ln
1075 3394 1186 3478 quedam

165 3488 355 3551 sollemnitate
374 3489 503 3566 paschali
523 3491 662 3568 populum
684 3493 920 3564 communicaret,
940 3488 1035 3549 hostia
1055 3487 1091 3546 de
1110 3497 1186 3544 mauu

184 3624 215 3694 1)
233 3622 294 3678 cui>
312 3623 378 3688 illi,
395 3623 477 3676 laeti
493 3625 591 3692 quasi.
611 3654 642 3664 -
661 3624 694 3691 2)
712 3621 799 3674 illam
818 3622 866 3676 add
883 3622 936 3676 Bc.
956 3651 987 3664 -·
1007 3621 1038 3690 ³)
1055 3620 1078 3674 R
1093 3627 1188 3671 traus-

234 3695 336 3762 igcns.
372 3693 477 3762 Gregor.
494 3693 557 3744 Dial.
575 3693 596 3743 ll
602 3731 610 3756 ‚
633 3694 687 3744 init.
705 3700 831 3760 „aetatem
849 3695 942 3762 pulppe
959 3691 1071 3744 moribus
1093 3698 1188 3744 traus-

235 3764 318 3828 iens,
341 3761 402 3816 nulli
423 3762 532 3814 animum
555 3761 678 3828 voluptati
705 3758 800 3812 dedit.“
823 3791 854 3802 -
879 3761 950 3830 dJD
974 3775 1092 3816 navem.
1109 3787 1139 3799 -
1161 3753 1188 3822 5)

144 3833 150 3838 “
235 3825 729 3900 elusum-AD.-6)AUPenim.
