2512 4254
298 261 354 322 DE
373 260 559 324 DIVERSIS
580 259 816 323 VISlONIBUS.
1027 263 1086 322 149

65 387 150 460 posuit
177 385 350 462 virginibus,
381 401 418 444 ne
446 384 501 445 illis
528 389 645 460 propter
673 385 785 444 mnam
811 382 925 443 inferior
953 382 1094 442 videatne

64 471 172 534 Noveris
185 479 283 533 tamen
294 472 395 531 melius
409 489 472 531 esse
487 473 630 531 continere
645 489 732 547 quam
746 471 862 544 nubere,
884 473 951 545 quia
963 469 1091 530 Christus

65 563 107 634 qui
119 539 340 637 sapientissimus
355 565 406 633 est,
424 559 614 635 virginitatem
628 555 726 634 elegit3
748 564 778 616 et
791 555 918 616 studium
934 557 1091 617 servandae

64 648 219 724 virginitatis
247 663 301 724 pro
325 645 453 721 Christo,
483 645 608 705 caritatis
636 647 769 703 vimutem
790 644 943 720 plurimum
963 644 1092 704 intendit.

65 731 150 808 Quam
168 737 224 796 sint
245 732 394 808 locandae,
415 750 502 807 qnam
523 731 684 792 salutiferae
705 733 830 794 visiones
848 736 1012 792 sanctarum
1032 733 1092 790 vir-

63 822 159 898 ginum,
179 822 339 898 sequentia.
351 819 546 882 declarabunt

375 975 612 1088 eremmon
635 1023 766 1085 cxxx.

66 1151 106 1210 Dc
140 1151 317 1212 nicodemo
353 1150 497 1226 Episcopo
533 1147 678 1208 Lioooloc
715 1151 767 1224 qui
799 1155 933 1208 ecoctam
960 1147 1093 1208 Martem

96 1237 305 1316 Mcpdclcaom
324 1237 436 1311 viduis,
459 1243 486 1296 ct
507 1243 641 1296 sanctam
663 1235 871 1311 Morpccetom
892 1235 1055 1311 cirpioibus

313 1327 446 1384 ossistccc
468 1321 543 1384 vidit
564 1341 631 1382 com
654 1341 704 1382 eos
725 1323 845 1382 odoret.

123 1446 299 1508 Venerabilis
314 1445 508 1507 Theodericus
520 1445 683 1522 Episcopus
705 1444 742 1504 dc
763 1444 884 1504 Livonis
906 1447 986 1504 cuius
1007 1461 1094 1521 sopra

67 1535 189 1608 memini,
224 1551 290 1594 cum
322 1540 449 1610 ternpore
481 1534 608 1608 quodam
638 1532 867 1594 sanctimoniales
899 1537 1093 1605 consecrarat,

68 1625 185 1680 sanctam
204 1619 327 1680 Ματίωιι
345 1619 550 1697 Magdalenam
571 1619 665 1679 viduis
686 1621 817 1678 assistere
839 1636 913 1677 unus
934 1618 1093 1678 monacho-

68 1721 125 1764 rnm
142 1707 220 1782 vidit,
240 1708 356 1767 beatam
376 1723 445 1767 vero
463 1703 658 1785 Margaretarn
678 1706 845 1782 virginibus.
886 1704 964 1764 Inter
985 1710 1093 1764 stantes
1177 1703 1182 1714 '

69 1790 288 1872 deambulabant,
302 1800 420 1854 vocatas
435 1795 665 1871 praesentabant,
679 1809 801 1853 coronas
814 1798 843 1850 et
854 1791 997 1851 velamina
1012 1808 1093 1851 com-

68 1880 323 2045 {tonzbfiagrlrgsusffiat
351 1883 426 1941 enirn
455 1881 505 1940 tali
532 1883 641 1941 visione
670 1879 786 1958 dignus,
814 1885 915 1956 utpote
936 1880 1093 1942 virbonus

371 2175 604 2251 CAPITULUM
631 2174 777 2234 LXXXI.

122 2298 166 2360 De
186 2300 319 2360 Arrroldo
340 2299 485 2380 monacho
512 2299 669 2360 Vilomcnss'
689 2313 777 2373 qoem
798 2304 904 2356 sooctc
925 2296 1029 2355 Maria

355 2385 540 2461 Mapdcleac
562 2392 645 2444 tecto
665 2387 794 2444 semovit.

126 2503 157 2567 In
183 2507 291 2569 vilario
321 2507 405 2568 domo
434 2502 540 2568 ordinis
568 2507 658 2566 nostri
686 2513 715 2566 et
742 2501 892 2565 Dioccesis
913 2501 1094 2577 Leserensis,

70 2591 213 2656 monachus
242 2594 359 2671 qnidam
381 2601 425 2655 est
445 2591 591 2653 Arnoldus
611 2595 741 2667 nominc,
771 2595 848 2652 vitae
869 2589 1035 2664 laudabilis,
1065 2596 1094 2650 et

11 2681 14 2694 '
70 2694 192 2758 magrsum
222 2681 333 2742 habens
360 2679 454 2742 zelum
483 2681 558 2741 circa
586 2680 691 2740 ordinis
719 2679 906 2755 disciplinam.
949 2677 1007 2736 Hic
1029 2695 1094 2736 cum

71 2781 100 2824 ex
128 2770 209 2829 nirnia
236 2770 408 2829 abstinentia
435 2770 464 2826 in
493 2773 604 2828 tantum
626 2767 806 2827 stomachum
826 2783 910 2824 suum
930 2763 1094 2839 infrigidas-

70 2857 120 2926 sot,
145 2862 176 2914 nt
194 2855 244 2915 vix
264 2855 377 2931 aliquos
399 2857 478 2915 cibos
500 2857 650 2931 reciperet,
681 2857 738 2914 imo
761 2859 876 2930 recepta
897 2869 965 2910 mox
993 2852 1094 2911 reiice-

71 2945 113 3012 ret,
132 2947 256 3022 tempore
278 2942 404 3019 quodam
425 2942 464 3002 ad
485 2947 596 3001 tantum
618 2940 773 3002 devenerat
793 2940 944 3012 delectum,
965 2943 998 2996 ut
1018 2937 1093 3000 lecto

71 3023 246 3106 decumbens,
273 3033 395 3088 mortem
416 3031 578 3088 minaretur.
623 3027 676 3087 Cui
697 3028 783 3088 beata
804 3024 898 3084 Maria
919 3023 1094 3102 Magdalena

71 3119 143 3176 nocto
163 3134 302 3195 apparens
323 3115 484 3192 visibiliter,
512 3123 627 3192 pectore
650 3115 844 3190 discooperto,
878 3119 978 3172 contm
998 3113 1094 3174 locum

71 3203 197 3262 stomachi
223 3222 342 3263 manum
369 3203 459 3278 misit,
487 3220 521 3262 ac
551 3200 686 3261 delinivit
730 3200 788 3278 Qui
815 3217 850 3259 ex
871 3217 970 3260 sacrae
991 3219 1094 3262 manus

71 3291 168 3349 attactu
195 3290 267 3351 adeo
298 3290 471 3352 confortatus
501 3296 560 3365 est,
587 3295 620 3348 ut
647 3305 732 3347 mane
761 3305 881 3364 surgens
902 3305 1004 3364 sanus,
1035 3305 1096 3347 non

72 3371 168 3452 absque
187 3393 293 3456 magna
312 3377 431 3438 fratrom
452 3373 639 3436 admiratione
660 3375 778 3435 chorum
799 3377 925 3434 intraret.

367 3579 797 3652 -vmm'
