2512 4254
11 3867 33 3899 h

186 287 245 346 152
496 282 722 346 DISTINOTIO
745 281 909 348 OCTAVA

184 407 315 466 obtinuit.
359 403 497 467 Osteusus
511 414 555 466 ost
575 409 601 466 ei
622 406 739 483 quidam
760 408 874 467 nomine
887 405 1009 482 Ulricus,
1032 408 1078 466 cci
1094 421 1201 466 consue·

118 535 127 544 -
185 493 254 553 tudo
287 499 348 553 erat
379 493 534 553 earundem
564 511 710 554 sacrarum
741 501 899 572 martyrum
933 509 1054 569 corpora
1087 492 1201 552 effodere.

186 579 350 640 conductus
382 598 450 640 vero
472 583 509 642 ab
532 579 664 656 Abbate,
697 598 764 642 oum
791 584 821 640 iu
849 581 914 642 loco
943 580 1122 641 denominato
1141 579 1202 638 duos

184 669 334 746 reperisset
360 668 524 745 sarcofcgcs
535 665 567 748 ¹),
594 674 623 728 et
643 685 701 727 uno
723 674 822 745 aperto
843 670 916 728 inter
937 684 1004 728 ossa
1024 684 1106 728 secra
1123 667 1201 744 pecti·

184 771 252 814 nem
272 751 492 831 pulcherrimum
512 742 639 829 ridisset,
663 757 826 832 concupivit
846 761 877 814 et
896 755 969 830 tulit,
990 771 1112 830 eumque
1131 767 1201 830 cyro-

184 841 286 901 thecae
315 859 384 901 suae
411 843 584 917 immissum,
612 843 641 900 in
662 845 756 901 sinum
776 843 903 919 proiecit.
945 840 974 900 A
996 857 1056 918 qno
1077 858 1138 901 eum
1155 843 1201 898 im-

177 926 328 1004 pediretur
348 931 377 986 in
390 927 532 1004 fodiendo,
554 945 619 988 eum
634 931 763 1004 extraxit,
783 943 869 1006 super
881 927 988 988 fossam
1007 927 1090 988 illum
1108 943 1201 1004 ponens

140 1055 144 1078 r
182 1016 212 1074 in
239 1013 303 1074 loco
331 1017 473 1074 eminenti.
514 1014 724 1092 Superveniens
753 1015 895 1093 quaedam
912 1025 953 1076 'ex
973 1015 1133 1090 sororibus,
1153 1021 1200 1072 tam

183 1097 369 1180 cudelitate2)
403 1120 490 1178 quam
517 1103 667 1163 sanctitate
694 1105 815 1182 pectinis
842 1101 997 1177 delectata,
1026 1108 1134 1162 secrete
1150 1097 1201 1160 tulit

182 1195 212 1248 et
233 1189 311 1248 abiit.
354 1187 527 1265 Corporibus
548 1205 617 1249 vero
639 1191 749 1250 effossis
770 1195 799 1249 et
818 1191 848 1248 in
866 1192 973 1254 scrinio.
982 1188 1116 1249 decenter
1134 1201 1200 1247 com·

182 1277 297 1353 positis,
329 1293 395 1334 cum
426 1293 510 1336 mane
538 1275 640 1336 Abbas
672 1295 738 1336 cum
771 1279 814 1339 eis
838 1275 981 1354 proticisci
1007 1278 1200 1354 proposuisset,

182 1345 283 1422 eadem
310 1369 394 1424 nocte
422 1365 450 1422 in
478 1363 570 1424 forma
599 1369 628 1423 et
654 1363 753 1424 habitu
775 1364 906 1442 virginali
925 1363 966 1424 illi
985 1365 1016 1422 iu
1037 1364 1139 1423 somme
1157 1379 1199 1437 ap·

182 1456 315 1526 parentes
345 1449 489 1510 dixemnt:
521 1451 631 1510 Tecum
660 1454 700 1510 ire
728 1467 787 1510 non
814 1467 976 1530 possumus.
1020 1450 1199 1528 Quibuscum

183 1537 388 1612 respondisset,
426 1555 514 1613 quare
546 1537 745 1598 dilectissimae
778 1537 933 1598 dominae?
968 1537 1115 1597 subiunxit
1142 1551 1199 1596 tnta:

182 1621 258 1700 Quia
279 1626 421 1699 pectinem
441 1639 538 1684 mcum
558 1623 683 1701 perdidi,
715 1621 829 1706 quem⁸)
851 1622 922 1684 mssri
942 1629 1035 1686 mater
1055 1639 1118 1684 mea
1138 1621 1200 1682 dedit

183 1727 249 1769 curn
263 1711 300 1770 de
320 1713 414 1787 patria
434 1729 499 1770 msa
520 1711 677 1788 egrederer.
719 1711 758 1771 Et
777 1711 837 1773 illc:
861 1711 932 1790 Quis
953 1709 1043 1771 habet
1061 1709 1138 1770 illum
1156 1707 1198 1768 do·

181 1799 259 1856 ruina
289 1797 376 1856 mea?
408 1798 582 1875 Respondit:
614 1799 737 1875 Quando
766 1797 879 1859 Ulricus
910 1795 1094 1875 sepulchrum
1119 1813 1199 1856 rucun

180 1887 304 1959 aperuit,
326 1891 354 1944 et
374 1885 492 1945 vidisset
511 1883 603 1961 illum,
625 1885 795 1962 cyrothecae
816 1901 886 1946 suae
907 1887 1053 1962 imposuit,
1074 1901 1136 1946 cum
1153 1897 1198 1960 qua

180 1971 330 2031 abscondit
360 1970 439 2032 illum
467 1975 497 2032 in
524 1976 588 2033 sinu
616 1991 678 2032 suo.
729 1971 823 2050 Quem
851 1990 916 2034 cum
946 1979 1104 2034 extremum
1128 1985 1198 2047 super

182 2061 338 2135 marginem
346 2051 490 2135 ⁴)'tossae'
504 2063 654 2136 posuisset,
676 2061 878 2136 superveniens
897 2059 1041 2138 quaedam
1062 2059 1197 2119 sancino·

181 2144 263 2204 nialis
283 2144 474 2228 Fridemnisl)
496 2149 724 2222 nominatarum
745 2153 789 2208 eit
801 2139 890 2207 illum.
921 2147 1009 2207 Mauo
1023 2145 1063 2206 ud
1076 2145 1197 2206 Abbatis·

181 2249 244 2291 sam
265 2235 381 2292 veniens
402 2236 456 2293 ait:
487 2234 572 2310 Quod
594 2241 638 2295 est
658 2251 763 2295 nomeu
784 2234 918 2309 hominis,
947 2235 997 2310 qui
1018 2235 1138 2310 virgines
1156 2229 1197 2289 has

179 2319 297 2379 effodit?
340 2319 510 2396 Respondit,
540 2320 661 2381 Ulricus.
702 2322 741 2381 Et
762 2321 882 2382 adiecit:
907 2321 961 2381 Est
980 2320 1028 2382 hic
1045 2321 1137 2396 aliquo
1154 2317 1197 2376 do·
1233 2334 1243 2400 ',

179 2408 257 2466 mina
278 2424 351 2482 quae
373 2415 491 2468 vocetur
511 2407 697 2488 Fridemnis?
739 2408 941 2486 Respondente
962 2425 1007 2483 ea,
1028 2410 1120 2483 etiam3
1138 2404 1196 2464 sub·

180 2493 259 2552 iecit:
288 2493 375 2569 Peto,
401 2501 434 2553 ut
461 2503 581 2575 uterque
608 2501 736 2557 vocetur.
779 2493 865 2574 Quod
881 2513 960 2558 *oum
988 2495 1094 2555 sactum
1123 2493 1196 2578 esset,

179 2581 220 2640 ait
251 2577 360 2640 Ulrieo:
401 2577 523 2656 Quando
556 2600 675 2660 corpora
706 2601 789 2643 sacra
819 2581 956 2658 effodisti,
993 2585 1133 2659 pectinem
1166 2575 1195 2634 ibi

179 2665 325 2742 invenisti,
354 2673 449 2728 cetera
477 2687 551 2746 quac
580 2688 667 2748 supra
688 2670 764 2730 dicta
786 2676 853 2730 sunt
872 2670 1041 2746 adiungens.
1081 2667 1195 2742 Respon-

179 2751 265 2814 dente
292 2753 354 2829 illo,
388 2753 501 2815 domine
533 2775 634 2816 verum
663 2764 718 2834 est3
752 2774 906 2818 conversus
933 2755 972 2816 ad
998 2743 1195 2826 Fridemnan‘)

180 2839 263 2900 dixit:
285 2841 323 2900 Et
343 2859 397 2903 vos
419 2842 533 2902 domiue
555 2843 658 2904 tulistis
678 2842 767 2904 illum.
811 2843 878 2922 Qua
899 2843 1061 2917 confitente,
1080 2841 1195 2902 subintu-

178 2925 223 2986 lit:
252 2928 335 3006 Rogo
365 2936 397 2988 ut
424 2931 578 2990 restituatis
607 2933 765 3007 pectinem,
794 2933 862 3008 quia
889 2932 950 2990 sine
970 2928 1018 2989 illo
1040 2945 1147 2989 mecum
1163 2925 1194 2982 ire
1241 2975 1242 3010 ,

177 3024 308 3074 renuunt
341 3015 433 3091 Quem
455 3034 521 3076 cnm
535 3016 653 3076 celerius
666 3017 815 3093 retulisset,
837 3023 866 3078 et
879 3013 916 3077 ab
930 3015 1047 3078 Abbatc
1068 3017 1098 3075 in
1110 3011 1194 3074 scrinio

177 3102 287 3178 positus
307 3102 414 3178 fnisset,
435 3103 473 3162 ad
489 3107 693 3164 monasterium
705 3123 791 3165 suum
803 3103 866 3164 illas
881 3104 1005 3180 devexit,
1024 3102 1053 3164 in
1069 3118 1123 3180 quo
1143 3113 1194 3159 eum

179 3183 269 3246 multa
282 3187 372 3264 gloria
384 3197 451 3248 sunt
463 3198 622 3267 susceptae,
636 3198 664 3251 et
673 3193 702 3250 in
714 3191 778 3251 loco
788 3191 909 3251 honesto
920 3190 1042 3250 locatae.
1063 3189 1097 3249 In
1107 3200 1194 3262 magni

178 3273 217 3333 ibi
231 3273 343 3333 fucrant
356 3280 548 3355 veneratione,
565 3278 617 3338 sed
630 3279 686 3338 hoe
704 3278 841 3355 quamdiu
857 3280 928 3338 vixit
939 3276 1041 3337 Abbas
1058 3275 1103 3337 ille
1117 3274 1156 3336 coi
1169 3285 1193 3329 st

177 3359 382 3422 revelaverant.
413 3364 554 3441 Tempore
574 3366 735 3426 schismatis
757 3365 834 3442 quod
855 3371 916 3426 erat
935 3367 1008 3424 inter
1027 3361 1154 3426 Ottouem
1171 3361 1193 3416 ci

177 3447 342 3524 Philippum
348 3449 443 3527 Reges
450 3454 654 3528 Romanum,
665 3471 731 3513 cum
742 3452 856 3513 diuersa
865 3452 941 3512 bella
950 3445 1193 3528 occuparent'lhu·

176 3536 305 3614 ringisrn,
320 3539 421 3596 timore
434 3537 547 3598 illomm
561 3540 662 3599 eadem
676 3557 758 3601 sacra
769 3555 890 3616 corpora
900 3555 967 3599 cum
977 3540 1078 3598 ceteris
1087 3531 1192 3609 rctqms

195 3633 264 3708 1)A
285 3635 514 3708 ssrchoicgos,
532 3637 554 3692 B
573 3638 783 3708 sarcofagos,
802 3625 1191 3706 centaurisque-tw

243 3707 450 3769 curiositate.
475 3735 505 3748 ·-
530 3709 602 3776 3)lt
624 3708 716 3778 quod.
736 3739 767 3750 -
792 3707 863 3777 4)Β
885 3711 1066 3780 marginem.
1085 3735 1114 3747 -
1136 3695 1191 3780 ill

242 3775 434 3900 Uggate,
452 3776 473 3832 C
489 3777 719 3846 F'rideruudis,
737 3777 756 3832 Ρ
772 3777 988 3886 Fridcrindis.
1005 3808 1037 3820 -
1055 3775 1087 3848 o)
1104 3769 1192 3830 ΗΝ·
