2524 4252
174 265 237 324 350
444 259 670 326 DISTINOTIO
693 261 935 326 DUODEOIMA

173 389 266 446 visum
280 403 429 462 apparens,
451 389 504 446 ait:
525 386 748 463 llceepraeseus
762 405 826 446 surn
844 389 919 447 sicut
939 385 1096 463 postulasti.
1124 385 1186 446 Por·

163 474 255 538 ¹tabat
274 475 349 532 enim
378 491 431 532 vas
458 491 579 551 parvum
609 480 638 533 et
665 473 752 533 fictile
781 473 859 551 quod
888 472 976 550 vulgo
1004 473 1161 533 cmselinum
1172 469 1186 552 ¹)

173 566 293 620 vocatur
320 562 350 618 in
378 577 466 619 mann
494 577 561 635 sua,
588 562 617 619 in
645 560 722 636 quali
748 562 779 619 in
806 561 932 620 tabernis
958 566 1059 636 potare
1085 558 1186 619 solebat

118 707 122 712 ,
173 645 296 706 Dicente
317 646 390 722 filia,
418 653 499 723 pater
521 645 589 722 quid
611 649 703 706 estin
732 664 802 708 vase
828 646 898 705 illo?
927 646 1087 723 respondit:
1113 646 1187 706 Potes

174 751 255 794 meus
277 735 397 809 expies
419 740 447 793 et
468 733 603 809 sulphure
632 735 786 793 conlectus.
833 733 953 809 Semper
983 751 1020 793 ex
1047 732 1094 792 illo
1119 733 1187 806 bibo,

172 837 226 879 nec
249 838 314 880 eum
336 827 452 895 epotare
474 820 567 879 valeo.
608 819 714 895 Sisque
736 820 882 897 disparuit.
933 821 971 879 llt
999 823 1094 879 statim
1119 818 1187 878 intel·

171 906 240 972 lenit
260 907 364 983 puella,
385 914 446 966 tam
467 923 503 965 ex
523 907 704 982 praecedeuti
726 909 786 966 vita
808 925 895 984 qnam
917 924 952 966 ex
973 923 1084 982 poena,
1110 904 1186 965 modi·

173 1010 238 1054 eam
258 994 307 1052 vel
328 993 436 1052 nullam
458 1011 521 1054 esse
543 1011 622 1068 spem
645 993 809 1052 salvationis
839 996 908 1052 eius.
957 993 1065 1053 Vinum
1091 991 1187 1068 quidm

171 1079 218 1139 hie
239 1079 344 1139 blande
366 1081 535 1156 ingreditur,
556 1079 608 1142 sed
636 1082 791 1140 novissime
820 1079 962 1139 mordebit
990 1086 1022 1140 ut
1054 1075 1189 1158 coluber²).

18 1203 19 1210 .
173 1165 376 1226 NOVICIUS:
405 1166 470 1226 Hoc
493 1168 601 1225 tamin
624 1167 770 1241 praedicto
792 1165 909 1234 Abbate
932 1184 1018 1241 quam
1045 1168 1073 1224 in
1092 1165 1189 1225 Rudin-

18 1261 19 1274 ’
113 1311 118 1325 ,
170 1271 240 1330 gero
261 1247 409 1329 impletum
432 1253 589 1313 considero.
632 1252 864 1314 MONACHUS:
895 1253 1041 1312 Sclavinia
1067 1253 1189 1329 peregrini

173 1342 222 1415 qui
246 1339 369 1398 eundem
390 1339 536 1400 Abbatem
559 1343 586 1397 in
608 1343 707 1416 poeuis
730 1339 815 1416 vidit,
839 1341 979 1400 visionem
1001 1341 1069 1399 satis
1088 1339 1190 1399 miehi·

172 1425 229 1485 lem
251 1426 289 1486 ad
310 1429 477 1488 memoriam
498 1427 567 1485 mihi
589 1426 707 1486 reducit.

486 1636 494 1656 ⁶
515 1615 748 1678 CAPITULUM
768 1616 866 1677 XLII.

257 1741 307 1800 De
322 1755 424 1816 poeno
444 1739 603 1799 sacedotes
622 1747 745 1816 propter
771 1741 945 1799 sclaviniam
961 1740 1116 1815 perepriui.

237 1859 315 1919 Ante
343 1857 413 1918 illud
440 1865 552 1937 tempus
581 1878 639 1935 quo
669 1862 780 1920 occisus
809 1868 852 1920 est
874 1858 1023 1920 Conradus
1043 1859 1186 1936 Episcopus

169 1944 436 2021 Hildiushemensis,
457 1948 621 2023 peregrinus
644 1947 759 2022 quidam
780 1949 809 2005 in
831 1945 900 2006 ville
922 1945 1047 2022 quadam
1070 1947 1187 2015 moriens,

169 2033 336 2092 sclaviniam
351 2034 585 2093 suamsaeerdoti
606 2033 722 2111 legavit,
744 2035 868 2093 animam
890 2051 972 2093 suam
994 2033 1034 2092 illi
1055 2047 1187 2092 commen·

170 2119 251 2179 dans.
284 2120 378 2197 Quam
398 2127 509 2180 vestem
523 2120 657 2181 sacerdos
679 2120 794 2195 quidem
817 2123 956 2196 suscepit,
977 2119 1030 2179 sed
1051 2119 1085 2179 de
1105 2120 1187 2178 anima
1242 2197 1243 2202 γ

169 2207 313 2266 modicum
329 2209 447 2267 curavit.
464 2207 562 2266 cervi
576 2225 644 2267 vero
659 2210 721 2266 sive
741 2210 822 2284 pueri
844 2209 976 2266 noctibus
998 2223 1030 2266 sa
1050 2205 1097 2266 illa
1117 2212 1187 2281 tege-

89 2345 92 2362 „
169 2294 249 2354 bant
283 2290 357 2354 Non
379 2293 468 2354 multo
485 2301 550 2371 post
571 2294 647 2353 idem
669 2294 803 2353 sacerdos
824 2295 853 2352 in
875 2293 972 2353 ordine
994 2299 1087 2353 nostro
1108 2292 1187 2352 lactus

171 2387 216 2440 eat
235 2383 373 2441 novicius.
415 2380 506 2442 Nocte
537 2379 662 2456 quadam
684 2383 713 2439 in
736 2381 899 2441 dormitorio
927 2383 1024 2440 iacens
1046 2387 1074 2440 et
1093 2377 1188 2438 dorni·

171 2484 231 2541 ens,
251 2483 304 2542 per
323 2469 462 2529 visionem
471 2464 492 2557 ²)
514 2474 612 2544 raptus
635 2473 679 2527 est
699 2467 737 2526 ad
758 2467 823 2527 loca
843 2484 1010 2543 poenarum.
1043 2466 1077 2525 In
1096 2465 1188 2541 quibus

170 2555 312 2613 maximus
331 2561 392 2613 erat
414 2553 586 2614 daemonum
608 2572 763 2613 concursus
778 2561 807 2614 et
827 2571 972 2614 occursus.
1014 2553 1072 2613 Alii
1092 2554 1188 2612 animae

170 2640 368 2716 adducebant3
390 2639 438 2700 alii
451 2640 591 2700 adductas
609 2629 816 2718 suscipiebant3
838 2639 886 2700 alii
907 2646 1056 2718 susceptas
1075 2646 1190 2699 tormen·

170 2730 208 2787 tis
229 2727 333 2787 debitis
354 2728 553 2787 immittebant.
595 2727 719 2805 Magnus
741 2727 798 2786 illie
820 2735 881 2786 erat
903 2726 1010 2788 elamor
1039 2733 1068 2787 et
1093 2719 1189 2786 umul-

170 2821 226 2890 tns,
247 2817 370 2892 gemitus
392 2819 422 2874 et
440 2814 581 2891 planetus.
622 2814 740 2873 Interim
762 2813 923 2890 praedictus
938 2814 1097 2891 Episcopus
1119 2810 1190 2872 elau·

171 2903 236 2961 stris
256 2900 440 2961 infernalibus
461 2907 672 2979 praesentatum
698 2901 749 2960 sed
770 2903 902 2977 princeps
924 2902 1104 2962 tenebremm
1128 2909 1189 2956 vote

171 2986 284 3064 lugubri
297 2994 511 3064 praesentantes
525 2990 566 3049 sic
583 2989 700 3048 affatur:
722 2988 862 3048 Redueite
882 2988 1010 3048 reducite
1030 2987 1122 3063 illum3
1140 2997 1188 3042 non

172 3077 249 3134 enim
274 3081 371 3135 noster
400 3081 457 3150 est,
485 3077 650 3136 innocenter
673 3078 784 3135 occisus
806 3080 858 3134 est.
900 3075 1041 3135 Sacerdos
1061 3073 1127 3134 talia
1150 3069 1188 3128 vl·

173 3157 244 3219 dens
265 3167 295 3220 et
315 3178 432 3238 pavens,
453 3168 519 3237 post
541 3164 644 3221 ostium
668 3179 707 3220 se*
724 3161 887 3221 occultavit.
936 3160 1046 3221 Videns
1074 3154 1187 3220 diabolut

172 3245 348 3322 praedictam
377 3251 405 3306 in
434 3242 540 3325 aug'ulo
569 3249 694 3324 quodam
723 3249 903 3323 sclaviniam,
932 3247 1017 3307 dixit:
1046 3246 1128 3307 Cuius
1152 3245 1188 3301 eat

172 3334 262 3392 vestis
283 3331 353 3392 illa?
385 3334 619 3410 Responderunt:
642 3332 803 3394 Sacerdotis
817 3335 891 3393 illius
903 3337 952 3409 qui
970 3341 1028 3394 stat
1047 3340 1109 3410 post
1127 3327 1186 3389 osti-

172 3436 231 3478 um.
275 3417 368 3494 Quam
390 3437 456 3478 curn
476 3439 495 3480 a
515 3421 642 3497 quodam
663 3425 811 3498 peregrino
832 3423 862 3480 in
884 3417 1092 3500 eleemosyna⁴)
1118 3429 1186 3475 rece·

171 3508 275 3583 piscat,
303 3506 374 3565 nihil
394 3507 523 3567 beneficii
544 3511 655 3567 animae
677 3508 750 3568 illins
771 3507 917 3584 impendit.
958 3506 1008 3567 Ad
1036 3505 1109 3584 quod
1133 3501 1185 3560 dil·

171 3593 270 3655 bolus:
293 3592 387 3654 Valde
399 3596 529 3670 occupati
542 3613 649 3672 sumus,
671 3594 855 3672 expediamus
872 3611 925 3654 uos
939 3597 1036 3655 statim
1056 3587 1119 3672 ab‘)
1136 3585 1185 3646 illi·

190 3765 221 3835 l)
238 3764 260 3819 E
277 3763 477 3818 crusilinum.
497 3795 527 3806 -
547 3765 579 3833 2)
596 3763 720 3819 Proverb.
748 3765 790 3829 23.
808 3765 918 3820 31-32.
938 3795 969 3808 -·
988 3766 1021 3836 3)
1037 3761 1078 3820 CE
1093 3759 1183 3813 vitum·

20 3857 79 3890 ι
242 3865 273 3877 -
292 3836 324 3906 4)
343 3834 386 3891 CF
403 3834 656 3904 eleemosynam.
674 3865 707 3876 -
727 3837 758 3906 5)
777 3835 797 3889 Ε
816 3835 860 3889 de.
