2512 4254
308 269 363 334 nn
383 243 570 335 nrmasrs
591 271 827 335 msromsus.
1044 272 1085 334 oe

67 401 183 472 tempore
214 394 244 454 in
274 393 381 472 angulo
414 393 492 457 chori
523 409 725 464 conversomm
750 391 863 454 diutius
895 397 924 452 et
955 389 1087 452 derebus

67 483 177 544 orationi
194 481 377 558 incubuisset,
397 480 526 542 deinum
546 479 701 558 implorans
722 479 868 556 auxilium,
891 496 928 539 ne
949 481 1088 564 siqeretur

66 567 119 630 labi
135 563 167 628 in
181 574 341 646 peecatum,
360 575 427 645 post
447 569 548 629 horam
569 569 698 643 surrexit,
720 573 750 627 et
769 568 895 627 recessit
939 565 1087 644 Siquidem

66 656 92 714 in
110 657 270 716 memoriam
297 656 323 714 ci
351 656 444 730 venit,
473 655 551 732 quod
571 654 650 715 aliud
672 653 741 731 quid
762 671 848 731 agere
869 652 997 713 habebat
1012 649 1029 734 ¹)
1051 671 1088 714 ex

66 749 215 819 praecepto.
241 739 432 806 „Ascendens
443 738 465 822 ²)
492 744 578 819 igitur
605 759 657 817 per
685 741 784 816 stalla,
817 741 966 800 transitum
986 740 1089 800 habuit

67 825 137 910 per’)
157 827 322 890 antealtare
341 829 516 888 infirmomm
539 834 567 888 et
581 845 792 908 coquersorum.
823 823 910 908 Ubii)
934 845 1000 910 cum
1016 844 1088 903 per·

67 916 187 992 venbset,
206 919 320 976 veniam
334 915 462 976 celeriter
481 921 651 993 acceptums
669 921 765 975 coram
786 914 877 990 altari,
899 919 928 973 et
948 913 1088 974 abcessu·

66 1019 122 1078 ms,
147 1003 200 1064 sub
221 1001 354 1080 lampade
375 1019 408 1062 ee
427 1001 600 1078 humiliavit;
631 1008 660 1062 et
688 1018 755 1061 ecce
775 1002 816 1061 ibi
837 1000 979 1062 Dominus
1000 999 1088 1062 Jesus
1165 1046 1172 1052 -

66 1095 138 1150 stans
164 1095 228 1150 ante
257 1107 338 1165 cum,
366 1088 413 1149 vel
441 1091 536 1165 potius
565 1090 648 1166 quasi
674 1088 801 1166 pendens
828 1091 858 1148 in
887 1105 980 1148 cruce.
1031 1087 1089 1164 Qui

67 1175 181 1250 piissima
207 1177 327 1236 brachia
353 1193 406 1235 rua
425 1175 595 1236 abstrahens
616 1193 635 1235 a
656 1192 754 1251 cruce,
782 1193 897 1234 servum
918 1192 1003 1234 snum
1023 1192 1089 1236 am·

67 1261 186 1336 ploratus
206 1271 258 1339 ert,
280 1269 309 1324 et
322 1269 458 1339 tanquam
471 1261 693 1340 praecordialem
715 1263 778 1337 sibi,
798 1264 955 1338 insignum
971 1267 1089 1323 mutuae

68 1349 260 1424 familiaritatis,
282 1350 406 1410 eumad
428 1356 529 1425 pectus
551 1367 633 1409 suum
661 1347 830 1410 attrahendo
852 1351 972 1424 strinxit,
993 1355 1089 1410 tenta-

69 1437 204 1514 tionesque
224 1436 300 1497 illins
314 1436 504 1498 validissimas
521 1435 684 1514 stringendo
707 1438 890 1511 compescuit.
924 1435 1000 1496 Sane
1022 1454 1089 1496 cum
1147 1489 1150 1503 ,

68 1529 150 1583 terrae
175 1524 388 1600 procumberet,
417 1526 524 1599 optime
551 1527 595 1593 sui
625 1540 742 1598 compos
770 1527 846 1598 erat3
874 1521 925 1582 sed
946 1523 1021 1584 felici
1040 1523 1090 1582 illa

69 1611 166 1670 visiom
185 1612 225 1670 ita
246 1629 265 1670 a
286 1627 371 1670 sensu
393 1627 445 1671 eno
467 1611 630 1670 abstractus
651 1616 680 1671 et
700 1613 741 1668 ita
758 1609 877 1668 dulciter
897 1608 1016 1670 affectus
1038 1616 1089 1685 est,

69 1702 96 1756 ut
114 1713 169 1756 non
187 1698 270 1775 plene
292 1699 363 1757 scire
384 1700 522 1773 potnerit,
553 1704 649 1757 utrum
671 1698 813 1771 corporeis
835 1696 940 1772 oculis,
968 1714 1006 1756 an
1027 1697 1088 1756 solo

69 1786 158 1860 spiritu
177 1783 379 1846 revelationem
398 1783 477 1844 illam
500 1787 663 1860 recepisset
705 1783 843 1842 Attamen
865 1800 931 1842 cum
943 1777 963 1862 ⁵)
985 1783 1090 1844 multae

70 1876 204 1952 tamenta
225 1888 312 1947 quam
332 1877 433 1947 postea
454 1871 663 1932 consolationes
680 1870 830 1945 acceperit,
850 1870 906 1930 hoc
927 1875 1025 1931 tamen
1042 1871 1089 1931 fa-

70 1963 150 2034 tetur,
180 1957 257 2034 qnod
278 1960 334 2017 ista
354 1974 537 2035 supergressa
559 1964 603 2018 est
622 1953 812 2037 universam).
855 1957 980 2017 Tantam
1001 1959 1092 2034 siqui·

72 2042 126 2104 dem
148 2051 296 2121 acceperat
316 2046 437 2121 gratiam
457 2045 638 2105 lacrimarum
659 2044 828 2120 aDomino,
849 2049 882 2103 ut
901 2045 975 2104 inira
995 2049 1093 2104 matu·

71 2133 135 2192 tinas
154 2134 202 2190 vix
222 2131 319 2207 aliqua
339 2130 411 2192 hora
431 2133 505 2192 oculi
527 2135 588 2192 eins
610 2134 790 2193 siccarentur.
832 2130 928 2190 Huius
949 2133 990 2191 rei
1012 2133 1093 2191 testis

72 2235 126 2278 snm
153 2235 222 2296 ego,
251 2221 300 2294 qui
328 2221 408 2279 iuxta
434 2219 516 2279 illum
542 2218 581 2278 ad
601 2217 790 2295 psalmodiam
810 2219 925 2278 stabam
946 2217 1093 2295 aliquanto

73 2311 196 2382 tempore.
236 2305 283 2364 Ita
304 2308 379 2365 enim
400 2307 530 2367 fervebat
549 2307 579 2364 in
601 2305 706 2365 Christi
725 2307 867 2381 passione,
888 2312 921 2365 ut
941 2323 992 2384 epe
1014 2321 1094 2364 mar·

73 2395 128 2468 tyrii
147 2392 355 2454 Theodericum
367 2391 543 2471 Episcopum
560 2392 699 2478 Livopiae
720 2398 892 2468 sequeretur,
913 2395 975 2452 sino
989 2391 1094 2452 Abba-

73 2479 104 2538 tis
127 2482 169 2540 sui
200 2481 394 2557 permissione.
443 2478 606 2556 Acceperat
632 2479 680 2539 ille
709 2481 907 2539 auctoritatem
935 2497 953 2540 a
980 2479 1094 2539 domino

73 2563 143 2642 Papa
155 2565 330 2642 Innocentio,
352 2583 450 2626 secum
468 2566 571 2627 ducere
587 2583 686 2626 omnes
708 2569 756 2644 qui
776 2568 818 2626 ire
839 2567 946 2627 vellent
966 2565 1005 2625 ad
1025 2551 1104 2644 pro)

74 2653 223 2730 pagandam
243 2656 360 2713 vineam
379 2654 497 2713 Domini
517 2653 647 2715 Sabaoth
676 2655 705 2712 in
726 2653 832 2730 populo
854 2653 987 2713 barbaro.
1029 2651 1095 2711 Ad-

75 2736 122 2799 huc
147 2741 191 2800 vir
208 2739 267 2801 Dei
279 2737 300 2821 ⁷)
322 2742 409 2815 vivit,
437 2746 466 2800 et
487 2757 522 2799 ex
543 2745 697 2817 praecepto
719 2741 844 2800 Abbatis
865 2741 910 2799 sui
930 2737 1095 2815 parochiam

76 2825 232 2887 inLivonia
260 2828 347 2904 regit,
375 2827 425 2886 ubi
453 2826 599 2904 praedicat
628 2834 656 2887 et
683 2828 825 2904 baptizat,
853 2826 1015 2902 multosque
1036 2831 1095 2886 tam

77 2912 152 2974 verbo
173 2931 261 2992 quam
282 2914 414 2992 exemplo
436 2914 571 2978 aedificat
590 2919 620 2976 et
639 2917 669 2974 in
690 2913 747 2975 fide
770 2912 926 2976 confirmat
1159 2916 1163 2925 '

408 3103 640 3167 CAPITULUM
668 3105 754 3167 XIV.

79 3221 144 3284 item
162 3226 196 3286 dc
214 3227 361 3288 morecebo
383 3228 510 3288 cicadam
527 3227 656 3288 coenobii
677 3233 798 3300 samu,
820 3229 854 3288 ta
874 3229 957 3288 auca
979 3233 1098 3304 aspectu

255 3331 257 3338 ’
309 3315 440 3393 aarum
460 3317 588 3376 culmem
603 3321 754 3392 pertracta
774 3319 852 3375 sust.

135 3449 168 3512 In
187 3452 348 3530 supradicto
371 3453 502 3516 Claustro
531 3451 604 3516 alius
633 3453 750 3532 quidam
769 3454 856 3516 frater
876 3463 1012 3532 magnam
1033 3451 1098 3512 lon·
1173 3409 1179 3416 ¹

103 3633 128 3702 1)
143 3635 161 3688 Β
175 3635 318 3692 baberet.
342 3669 373 3680 -
397 3595 468 3710 ὴὲ
493 3639 708 3694 descendens.
727 3671 759 3683 -
777 3641 809 3709 3)
827 3655 883 3708 per
904 3654 946 3691 cnr
962 3637 1014 3691 ΒΙ).
1048 3636 1098 3688 vu.

144 3703 256 3760 bernard.
274 3707 331 3772 vlt,
351 3710 400 3762 29:
418 3726 481 3782 „per
498 3713 706 3764 ante-universos
723 3711 836 3762 novicios
849 3706 998 3760 tundens.“
1017 3733 1048 3744 -
1067 3704 1099 3770 4)

146 3773 165 3826 ll
184 3792 249 3898 zuo.
267 3808 298 3820 —
317 3779 349 3902 53
366 3779 388 3832 Β
410 3790 443 3833 at
465 3796 539 3834 eum.
558 3809 589 3822 -
608 3782 640 3850 6)
658 3779 777 3834 Proverb.
795 3780 839 3844 31,
855 3777 897 3830 29.
915 3803 948 3814 -
966 3774 1000 3842 7)
1015 3771 1099 3825 AGDP

147 3841 182 3896 ad
208 3862 244 3900 uc
266 3855 300 3901 nt
344 3850 446 3908 icant.
763 3887 772 3930 4
