2608 4252
423 237 477 302 Dll
499 239 655 304 SANGTA
672 239 816 302 Maera.
1097 244 1136 304 et
1228 234 1230 241 ’

84 375 106 420 a
131 357 230 422 milite
258 361 293 422 de
322 379 413 424 causa
442 367 544 424 virium
572 365 626 424 sibi
655 365 880 444 subtractarum,
912 363 1058 440 respondit
1084 363 1138 424 illi:

83 448 163 509 Non
193 465 259 509 mea
285 452 404 526 munte,
433 451 485 510 sed
505 452 619 528 gloriosi
640 455 761 512 nominis
783 452 925 510 Dominae
946 459 1061 511 nostrae
1082 451 1138 512 hoc

84 539 198 595 actum
220 542 272 596 est.
314 535 401 614 Quod
423 555 488 598 cum
509 539 636 598 audisset
655 539 710 614 ille,
733 541 846 598 territus
869 543 919 613 est,
941 556 993 598 nec
1016 539 1139 614 amplius

84 621 234 682 adulterii
259 624 380 683 verbum
408 624 447 683 ad
473 625 551 684 illam
579 625 672 686 iacere
693 627 893 702 praesumpsit
935 624 1139 686 NOVIGIUS:

83 709 289 770 Benedictum
311 714 348 770 sit
367 729 473 771 nomen
493 711 611 772 Mariae.
653 711 889 772 MONACHUS:
918 711 1003 787 Quod
1024 709 1139 772 viuc'ule

85 795 250 858 solvannr
270 800 330 858 eius
351 800 472 874 virtute,
505 802 589 858 etiam
605 795 622 880 ¹)
651 817 703 876 per
725 799 886 876 exemplum
908 800 959 858 tibi
971 799 1141 860 ostendam,

419 989 650 1051 caenosum
671 973 820 1051 mvvm.

171 1113 223 1172 De
247 1111 423 1196 'l'lteoderr‘co
444 1115 549 1184 milite,
571 1117 655 1172 cuius
675 1115 796 1173 vinculo
818 1117 927 1174 meritis
949 1121 1069 1173 sanctae

441 1199 560 1258 Mariae
581 1201 702 1276 dirupto
723 1208 801 1263 eunt.

162 1319 277 1380 Eodem
297 1327 426 1398 tempore
448 1338 504 1397 quo
527 1321 657 1382 dominus
677 1322 860 1398 Engilbertus
883 1320 1060 1381 Coloniensis
1080 1320 1140 1381 Ar-

88 1409 301 1484 chiepiscopns
318 1407 480 1468 aedificavit
501 1416 625 1467 castrum
645 1411 674 1467 in
689 1410 875 1485 Furstinberg
897 1415 995 1468 contra
1015 1408 1140 1487 nobilem

87 1499 196 1556 virum
215 1493 374 1554 Gerardur'n
395 1495 431 1555 de
453 1496 588 1554 Brubach
597 1492 627 1576 ²),
648 1499 758 1555 iuvenis
782 1496 897 1571 quidam
919 1495 999 1554 miles
1021 1495 1057 1554 de
1079 1499 1140 1556 eius
1243 1544 1253 1558 „

88 1585 242 1656 exercitu,
264 1581 456 1642 Theodericus
478 1585 606 1660 nomine,
628 1582 721 1642 iacere
744 1583 797 1642 sibi
819 1583 918 1642 volens
939 1599 1052 1657 nomen,
1074 1589 1140 1642 ante
1242 1567 1247 1586 ¹

53 1657 177 1728 'idem
213 1675 337 1728 castrum
371 1677 472 1745 captus
506 1676 556 1728 est.
607 1670 665 1728 Diu
697 1669 803 1730 ibidem
834 1672 1040 1743 incarceratus,
1074 1671 1139 1728 cum

87 1757 253 1832 pecuniam
280 1772 332 1832 pro
362 1775 415 1815 sua
444 1757 583 1816 solutione
606 1756 674 1816 dare
695 1757 909 1832 spopondisset,
938 1761 1080 1814 extractus
1103 1754 1139 1814 de

92 1859 234 1918 carcere,
262 1845 372 1920 positus
401 1850 444 1901 est
471 1845 500 1901 in
529 1844 613 1902 domo
643 1841 828 1923 superiorct).
872 1843 927 1902 Cui
955 1842 1052 1902 addita
1073 1849 1140 1902 sunt

92 1929 227 2004 vincula,
250 1935 278 1988 et
298 1932 374 1989 servi
396 1929 434 1988 ad
454 1931 612 1989 custodiam
632 1929 768 2006 deputati.
810 1931 947 1990 Habebat
969 1933 1043 1990 enim
1065 1932 1162 2002 circa,

92 2016 195 2094 pedes
215 2015 314 2076 anulos
334 2017 455 2092 ferreos,
478 2024 506 2078 et
528 2020 602 2076 circa
622 2017 772 2077 brachium
794 2018 921 2077 eiusdem
942 2019 1053 2094 generis
1074 2034 1139 2075 ma-

92 2107 213 2178 nicam,
242 2121 316 2179 quaa
337 2121 449 2163 annexa
470 2104 604 2180 cathena,
632 2107 733 2181 parieti
755 2112 837 2164 caute
859 2107 928 2164 satis
957 2109 1017 2164 erat
1044 2103 1139 2171 infixa.

94 2191 197 2250 Nocte
218 2190 341 2266 quadam
363 2207 428 2252 eum
451 2197 527 2250 esset
544 2191 684 2250 dormiens
705 2194 778 2250 inter
799 2209 849 2251 sex
871 2191 1006 2251 satellites
1027 2195 1087 2249 tam
1108 2207 1140 2250 ee

95 2295 193 2353 quam
220 2277 344 2354 reliquos
373 2280 502 2354 captivos
532 2279 735 2352 custodientes,
765 2286 793 2337 et
813 2279 968 2338 Dominam
996 2284 1140 2352 nostram,

96 2382 158 2424 nec
188 2380 244 2423 non
272 2372 301 2424 et
329 2363 400 2424 alios
429 2371 544 2424 sanctos
565 2365 649 2424 solito
671 2369 847 2440 invocasset,
880 2365 1059 2424 obdormivit.
1101 2363 1140 2424 Et

99 2469 175 2512 ecee
194 2453 224 2510 in
244 2455 350 2511 somnis
371 2451 442 2510 vidit
463 2470 493 2512 se
515 2435 717 2528 transpositum
737 2455 767 2510 in
784 2456 992 2512 monasterium.
1002 2457 1140 2510 nostrum.

99 2539 151 2598 De
176 2555 230 2614 quo
252 2555 318 2598 cum
339 2538 426 2598 vellet
447 2539 551 2615 egredi,
573 2539 675 2598 sedens
695 2542 725 2596 in
747 2556 821 2616 equo
843 2557 921 2598 mora
942 2539 1064 2598 femineo
1085 2555 1139 2596 rre-
1191 2604 1194 2613 ¹

102 2627 237 2685 cessitate
265 2625 456 2701 vinculorum,
490 2626 619 2684 dixerunt
647 2628 673 2685 ei
702 2626 758 2685 duo
789 2643 824 2685 ex
845 2625 992 2686 monachis
1020 2627 1139 2700 nostrie,

101 2709 326 2793 Manegolduffl)
360 2713 466 2772 scilicet
505 2720 533 2772 ct
565 2712 705 2772 Henricus
735 2716 849 2789 cognati
885 2715 945 2772 eius
981 2711 1139 2772 secundum

102 2814 234 2858 carnem:
255 2800 349 2858 Nolite
372 2801 480 2876 egredi,
502 2799 553 2858 sed
574 2802 758 2874 revertimini,
780 2803 847 2875 quia
868 2806 968 2858 sancta
988 2798 1082 2856 Maria
1103 2798 1139 2858 de

102 2883 317 2967 Hesterbaow)
347 2886 478 2946 liberavit
509 2903 570 2945 vos.
613 2886 678 2945 Hoc
701 2889 787 2945 etiarn
807 2889 922 2945 nomine
943 2891 1062 2962 vocatur
1083 2885 1139 2944 do·

103 2990 171 3032 mus
198 2979 304 3034 nostra.
345 2972 394 3032 Ad
423 2972 500 3050 quod
529 2973 649 3032 verbnm
677 2973 724 3032 ille
752 2973 903 3049 evigilans,
935 2974 1051 3048 gavisus
1086 2979 1137 3033 est

102 3060 144 3118 Et
166 3059 201 3118 de
220 3063 330 3120 visione
352 3063 492 3138 cogitans,
519 3067 680 3119 utrumnam
709 3078 778 3119 vera
800 3066 875 3118 esset
886 3055 907 3138 ⁵)
929 3077 967 3118 an
987 3060 1140 3120 fantastica
1256 3087 1258 3092 ·

104 3151 178 3206 scire
196 3147 301 3223 volens,
322 3163 389 3205 mox
404 3155 436 3207 ut
449 3148 552 3224 digitos
566 3146 702 3220 admovit,
721 3145 824 3222 pedem
846 3164 935 3204 unum
957 3149 1018 3206 sine
1033 3143 1138 3226 omnir)

104 3233 268 3295 difficultate
285 3236 415 3296 extraxit.
443 3233 533 3294 Simili
548 3233 682 3292 facilitate
703 3251 819 3292 menum
834 3250 852 3291 a
866 3233 987 3293 cathena
998 3233 1140 3294 liberavit.

103 3319 225 3397 Saepius
244 3324 300 3382 ista
314 3326 482 3396 tentaverat,
505 3321 555 3380 sed
577 3337 633 3379 non
647 3319 826 3396 proiecerat.¹
850 3319 980 3396 Cumque
1002 3337 1038 3379 ex
1059 3327 1139 3379 motu

103 3408 280 3468 vinculorum
301 3425 375 3468 nnus
396 3425 545 3468 servorum
566 3407 738 3484 evigilasset,
758 3409 870 3467 territus
891 3407 981 3482 miles,
1003 3407 1139 3466 circulum

102 3511 240 3572 reponere
266 3495 370 3571 voluit,
402 3513 456 3556 nec
483 3497 584 3572 potnit.
626 3495 708 3554 Tunc
735 3497 858 3570 primunr
878 3495 1054 3570 intelligens,
1082 3491 1139 3553 tale

121 3683 152 3752 l)
170 3681 306 3734 Bellum
326 3681 585 3736 solventnreius
604 3680 856 3750 virtute.-2)B
874 3677 1138 3744 Bubach.-3)ll

173 3753 342 3818 superiori.
362 3781 394 3792 -
413 3753 445 3821 l)
463 3753 483 3804 Β
501 3749 729 3820 Wenegoldus.
749 3780 780 3790 -
800 3751 831 3816 5)
849 3749 890 3801 cc
909 3745 1137 3799 lleisterbach.

172 3821 229 3875 blox
241 3821 324 3874 helil
342 3821 593 3890 liberabit-6)
604 3821 642 3873 BP
660 3827 748 3871 esset
765 3817 1029 3883 vera—Domni
1049 3813 1097 3865 edd
1109 3813 1137 3864 B.
