2608 4252
409 295 463 356 DE
485 293 641 357 sANcuA
662 293 804 354 MARIA.
1087 298 1123 354 ll

88 421 158 480 mibi
178 422 237 480 iam
258 419 413 496 probatum
435 424 492 493 est,
523 417 600 493 quod
625 418 688 493 ipsa
709 418 796 476 totius
818 417 855 474 sit
870 411 887 496 ¹)
910 417 987 476 orbis
1009 433 1127 478 couscr-

90 510 196 584 vatrix,
219 506 418 566 tribulatorum
439 505 625 579 consolatrix,
653 503 711 562 fida
732 504 789 578 sibi
806 502 1004 562 tamulantium
1027 503 1126 566 delen-

91 597 185 654 raaia
230 592 318 670 Quod
339 599 436 652 autem
455 597 621 668 peccatores
643 592 807 666 peripsam
828 588 1027 666 illuminentur,
1050 591 1128 667 quod

91 681 132 741 bis
154 681 288 740 omuibus
310 679 451 740 salubrius
473 677 581 753 iudico,
612 673 707 752 aliquo
730 677 799 734 mihi
821 676 933 736 ostendi
953 693 1053 751 precor
1075 695 1127 736 ex·

92 767 194 845 amplo.
237 764 474 828 MONACHUS:
497 765 569 824 Cum
589 763 676 823 homo
697 763 806 823 homini
827 780 914 840 saepe
929 765 1050 839 primam
1072 765 1127 824 ob·

90 857 178 916 ducat
206 856 341 932 matiam,
375 852 464 913 multo
493 850 615 928 amplius
641 850 697 911 boc
724 849 898 910 credendum
927 857 970 910 est
998 850 1035 909 de
1062 869 1127 910 ma-

89 949 130 1002 tre
152 942 280 1002 Domini.

430 1111 662 1174 CAPITULUM
687 1111 770 1172 vm.

91 1238 136 1297 De
149 1237 280 1297 ilenrico
297 1239 438 1296 canonico
459 1239 555 1294 sancti
567 1233 735 1306 Kuaiberti,
758 1236 810 1309 qui
819 1252 876 1309 pes·
896 1237 1127 1294 intercessionem

360 1330 481 1382 sanctae
501 1323 619 1381 Murice
640 1338 796 1380 concauus
818 1327 868 1379 est.
898 1347 899 1352 ¹

156 1444 317 1504 Canonicus
347 1443 463 1520 quidam
492 1445 584 1502 saneti
611 1443 764 1502 Kuniberti
791 1443 821 1499 in
852 1440 985 1515 Colonia,
1012 1443 1127 1502 nomine

91 1529 232 1589 Henricus
240 1528 271 1610 ²),
292 1533 353 1590 vita
374 1533 443 1589 satis
464 1529 628 1604 saecularis,
650 1547 716 1588 cnm
738 1529 782 1587 die
805 1527 931 1604 quodam
952 1527 1030 1588 solus
1044 1531 1127 1605 equi·

90 1624 176 1692 taret,
209 1617 353 1677 nubecula
380 1616 476 1677 lucida
503 1619 581 1678 viam
600 1618 694 1692 ipsam
716 1632 750 1674 co
772 1618 899 1674 intuente
926 1615 1128 1689 transvolavit,

91 1719 249 1779 vocemque
272 1704 456 1763 clarissimam
478 1704 513 1763 de
535 1707 598 1780 ipsa
620 1704 697 1762 nube
719 1701 829 1760 audivit
837 1699 873 1782 ³):
894 1702 967 1761 Flet
988 1703 1127 1762 voluntas

92 1797 160 1864 tua,
188 1795 264 1850 stota
284 1794 317 1849 ta
338 1793 416 1851 coelo
439 1799 466 1852 et
487 1795 519 1850 ia
542 1799 630 1850 terro.
679 1790 807 1864 Eratque
828 1806 886 1848 vox
908 1788 1009 1848 eadem
1030 1795 1128 1848 tantae

91 1875 263 1953 dulcedinis,
292 1885 325 1936 ut
346 1879 476 1954 quotiens
499 1880 559 1937 eius
580 1884 683 1954 postea
703 1875 915 1950 recordaretur,
936 1875 1060 1935 lacrimis
1081 1877 1128 1934 in·

90 1963 262 2024 funderetur.
307 1964 436 2039 Cumque
457 1981 560 2027 vocem
586 1964 661 2023 hanc
684 1963 803 2023 coelitus
830 1959 1011 2042 demissami)
1034 1965 1128 2021 minus

91 2051 259 2126 attenderet,
279 2051 327 2110 vel
348 2054 513 2128 potiusnon
527 2051 704 2128 intelligeret,
724 2055 809 2109 nocte
824 2049 949 2125 quadam
970 2051 1128 2125 pervisum

91 2154 121 2197 se
143 2145 220 2198 stare
241 2138 313 2198 vidit
332 2141 361 2197 in
384 2139 494 2214 capella
515 2139 617 2198 domus
645 2154 715 2197 suae
737 2144 803 2196 ante
825 2137 913 2196 altare
936 2153 1032 2195 coram
1052 2139 1128 2195 ima-

90 2227 155 2301 gine
176 2227 281 2286 beatas
302 2226 358 2285 Dei
381 2224 539 2285 Genitricis.
584 2225 679 2301 Quam
701 2241 767 2282 oum
786 2224 883 2283 verbis
905 2223 1040 2300 angelicis
1058 2222 1128 2282 soli-

91 2309 150 2390 ω’)
173 2312 324 2387 salutaret,
356 2312 504 2388 rospondit
530 2312 595 2372 illa:
627 2311 668 2371 Ut
695 2309 763 2386 quid
790 2327 837 2370 me
859 2308 987 2370 salutas?
1030 2309 1127 2369 Homo

90 2398 216 2474 perditus
238 2416 284 2474 es3
307 2393 363 2477 et⁶)
384 2401 438 2458 nisi
450 2402 540 2457 vitam
560 2405 640 2456 tuam
655 2397 860 2472 emendaveris,
880 2393 990 2476 citius⁷)
1012 2397 1128 2473 peribis.
1191 2445 1195 2456 „

91 2485 152 2562 Ego
176 2487 303 2545 enim-et
323 2484 496 2545 Benedictus
525 2487 736 2545 intercessimus
757 2501 808 2560 pro
831 2491 868 2544 te.
912 2483 969 2560 Qui
992 2501 1057 2543 cum
1079 2501 1127 2544 se-

91 2573 211 2632 cundam
234 2572 310 2632 banc
332 2573 562 2646 admonitionem,
584 2571 733 2632 dulcedine
746 2573 823 2630 vitae
843 2571 1000 2630 saecularis
1014 2572 1128 2630 abstra-

91 2665 161 2734 ctus,
183 2659 355 2736 negligeret,
378 2662 453 2719 eirea
475 2665 588 2735 tempus
609 2677 661 2718 sex
681 2658 930 2718 hebdomadarum
957 2664 1017 2716 tam
1045 2661 1128 2734 gravi

89 2745 250 2806 infirmitate
273 2753 418 2822 coneptua
440 2753 498 2821 cst,
530 2752 563 2804 ut
584 2748 781 2822 inungeretur,
795 2762 862 2804 nec
884 2745 943 2802 ulla
963 2750 1041 2806 'esset
1061 2761 1128 2818 spes

91 2835 164 2893 ntae
179 2835 248 2893 eius.
273 2832 355 2893 lune
370 2833 484 2895 demum
498 2832 536 2892 ad
550 2849 599 2892 cor
612 2850 751 2907 reversus,
766 2831 875 2908 etquid
888 2830 1009 2890 audierit
1022 2830 1127 2906 quidve

90 2920 191 2982 viderit
221 2919 403 3012 recordatus,
429 2921 562 2980 iratribus
595 2919 768 2997 quibusdam
796 2919 989 2994 Bergensibus
1021 2917 1128 2977 ordinis

91 3004 284 3067 cisterciensis
306 3005 344 3066 ad
366 3025 398 3067 se
417 3009 528 3067 vocatis
549 3025 580 3068 se
598 3005 728 3081 reddidit,
750 3009 849 3082 quiin
870 3007 999 3081 proximo
1013 3004 1128 3066 Pascha

90 3095 245 3153 monachus
280 3094 388 3169 sactus,
419 3091 555 3174 meritis⁸)
586 3101 615 3154 et
644 3095 778 3170 precibus
810 3093 914 3152 beatae
943 3093 1068 3169 Virginis
1096 3111 1127 3150 se

89 3179 277 3240 illuminatum
304 3198 397 3257 usque
425 3181 511 3240 hodie
536 3181 680 3258 gloriatur.
722 3178 925 3240 NOVIGIUS:
959 3179 1047 3238 Guius
1074 3179 1128 3238 luit

90 3283 143 3326 rex
164 3267 214 3328 illa
234 3268 310 3327 lacta
332 3267 367 3327 de
388 3269 479 3342 nube,
507 3270 621 3344 etquis
642 3285 744 3327 sensus
764 3266 847 3326 eius?
890 3264 1126 3326 MONAOHUS:

90 3353 233 3430 Quantum
256 3371 291 3414 ex
312 3355 370 3414 iam
392 3354 473 3414 dietis
492 3354 641 3430 colligitur,
663 3356 766 3415 beatae
782 3353 891 3414 Mariae
914 3359 943 3412 et
964 3353 1126 3413 sanctiBe-

89 3441 201 3501 uedicti.
246 3439 376 3501 Orabant
396 3443 471 3501 cuim
495 3440 653 3517 Christum,
682 3447 715 3500 ut
744 3443 818 3499 sicut
844 3439 978 3498 voluntas
1001 3442 1060 3498 eius
1084 3447 1127 3498 est

89 3527 116 3586 in
138 3528 235 3603 coelo,
268 3527 297 3587 id
319 3534 362 3588 est
383 3530 412 3586 in
441 3530 531 3603 iusto,
553 3530 594 3586 ita
616 3535 645 3586 et
666 3530 728 3586 eius
748 3527 897 3600 voluntas,
919 3541 993 3600 quae
1015 3542 1128 3601 semper

108 3663 137 3730 l)
155 3661 196 3716 Bc
213 3662 258 3721 sit
276 3663 388 3714 totius.
408 3689 439 3700 -
458 3662 491 3730 2]
509 3661 541 3713 tle
559 3661 607 3712 boc
625 3661 733 3715 ilenrico
752 3661 810 3714 vide
828 3659 911 3712 etVit.
929 3659 1034 3728 Engelb.
1053 3659 1083 3722 ll,
1100 3661 1125 3709 8.

158 3761 188 3772 ·-
207 3732 239 3798 3)
257 3729 300 3784 llll
322 3731 453 3784 audivit
481 3731 655 3784 dicentem.
679 3761 710 3772 -
736 3730 807 3799 l)B
833 3729 1005 3782 dimissam.
1029 3758 1062 3768 -
1094 3730 1125 3793 5)

156 3801 296 3854 lisclito
314 3799 414 3854 modo.
434 3829 464 3841 -
484 3802 515 3867 6)
534 3810 565 3852 et
582 3817 623 3852 eru
641 3800 695 3854 BC:
709 3831 742 3840 -
761 3801 793 3868 7)
816 3799 935 3860 licito,
961 3799 1006 3850 au
1024 3799 1126 3848 ocius.

158 3869 310 3940 -SJllcu
329 3871 439 3922 luctus
456 3880 509 3926 est
531 3872 675 3934 meritis,
692 3870 836 3922 Plautus
854 3876 904 3918 est
925 3867 1125 3931 meritisque.
1175 3927 1183 3941 ν
