2608 4252
409 289 471 382 nn
485 289 642 354 snucnn
658 285 800 355 mmor.
1082 295 1123 353 ar
1150 248 1180 346 'r

99 411 171 474 odies
201 413 280 474 dives
314 420 343 473 et
374 413 527 488 honestus,
558 412 635 476 lecto
661 419 739 474 totns
771 412 946 492 paralyticus
980 415 1123 476 decubuit.

99 499 217 562 Audiens
250 501 397 560 hominem
427 499 484 560 Dei
515 503 598 561 unice
632 500 687 562 sibi
723 501 856 564 dilectum
891 500 929 559 ad
967 501 1124 578 Dominum

99 589 235 664 migrasse,
253 605 323 648 mox
340 589 476 648 nuncium
495 587 536 648 ad
554 587 717 650 Claustmm
736 590 821 662 misit,
841 605 892 663 per
904 606 990 674 quem
1002 591 1056 650 sibi
1070 589 1123 651 de·

98 672 176 734 iuncti
197 681 330 736 coturnos
350 675 508 736 censmiur
523 673 704 750 supplicavit.
744 675 827 736 Missi
848 681 915 734 snut
936 677 961 734 oi
983 679 1066 751 novi,
1095 685 1124 738 et

98 775 157 820 mor
182 764 308 838 remissi,
334 778 369 822 eo
397 759 475 837 quod
502 761 685 824 intellexisset
712 779 763 822 eos
791 761 897 824 domini
918 762 1039 824 Walteri
1065 781 1125 826 non

98 845 184 910 luisse.
224 848 295 910 Mox
316 865 368 924 per
390 847 512 908 eundem
533 850 668 908 nuncium
689 849 751 908 boti
771 851 824 908 viri
842 849 899 908 Dei
920 852 989 908 satis
1012 857 1124 931 ueteres

97 935 244 1011 mittuntur,
265 952 338 1012 quos
352 934 479 996 infirmus
495 953 561 994 cum
582 933 640 996 fide
660 953 695 994 ac
708 936 858 996 devotione
875 937 1041 1012 suscipiens,
1062 944 1124 1000 sta·

98 1020 141 1080 tim
173 1028 206 1082 ut
232 1040 336 1084 manus
370 1028 567 1098 praemortuas
601 1024 749 1097 imposuit,
792 1022 963 1084 beneficium
979 1019 995 1103 ¹)
1026 1041 1062 1084 ex
1084 1027 1124 1084 eis

97 1110 184 1170 sensit
215 1108 314 1172 Simile
336 1115 433 1170 actum
454 1115 499 1168 est
518 1111 548 1168 in
561 1109 691 1184 pedibus.
726 1107 775 1170 An
796 1109 845 1169 illa
866 1113 941 1170 enim
962 1110 1034 1172 hora
1055 1128 1124 1172 coe·
1155 1165 1158 1172 .

96 1195 134 1268 pit
160 1211 262 1256 manus
289 1195 386 1256 levare
408 1202 436 1254 et
457 1195 546 1272 pedes
568 1198 688 1272 erigere,
721 1202 749 1256 et
777 1198 864 1258 totius
886 1200 1012 1274 corporis
1033 1199 1124 1274 vires,

97 1283 192 1342 sendm
213 1289 319 1364 tamen,
341 1285 477 1358 recipere,
517 1281 629 1344 Eadem
650 1299 718 1342 vero
734 1283 919 1346 calciamenta
941 1285 979 1346 ob
997 1302 1124 1346 amorem

96 1366 166 1428 beati
191 1371 260 1445 viri,
288 1375 318 1430 et
339 1353 507 1432 cineeesum
527 1371 582 1430 sibi
603 1369 724 1447 pstilla
744 1370 930 1446 beneficium,
962 1374 991 1430 in
1013 1379 1124 1434 tantum

98 1458 285 1532 venerabatur,
305 1463 338 1516 ut
358 1458 388 1515 in
409 1463 501 1516 castro
523 1473 575 1518 suo
598 1455 737 1532 capellam
756 1457 926 1533 aedificaret,
948 1465 1035 1534 atque
1057 1477 1124 1520 eos·

97 1538 155 1600 dem
175 1550 310 1604 coturnos
332 1544 393 1603 cius
414 1543 514 1604 altario
526 1540 547 1623 ²)
569 1542 682 1628 ligneo,
702 1543 820 1604 Abbate
840 1551 937 1604 nostro
960 1554 1124 1624 praesente,

98 1626 316 1690 includeret-
337 1627 422 1690 Alius
450 1629 565 1704 quidam
592 1629 674 1692 miles
693 1631 883 1706 periculosum
910 1632 1021 1692 hebens
1050 1652 1124 1710 apo-

99 1719 181 1774 stema
208 1719 238 1776 in
265 1722 397 1794 pectore,
426 1716 545 1778 audiens
570 1721 622 1793 'per
647 1717 809 1792 praedictos
839 1717 943 1780 calcios
964 1726 1073 1780 tantem
1094 1725 1124 1782 in

99 1798 254 1864 Wmemaro
276 1805 412 1866 virtutem
433 1805 553 1877 tactem,
577 1821 667 1864 unum
689 1806 743 1864 sibi
763 1806 916 1868 transmitti
937 1808 1052 1884 petivit,
1073 1827 1125 1884 per

100 1902 191 1964 quem,
217 1907 287 1950 mox
314 1896 349 1951 ut
375 1889 477 1952 ulceris
497 1890 593 1953 locum
614 1893 732 1972 tetigit}
750 1892 834 1968 piene
857 1893 1010 1954 convaluit
1051 1893 1124 1956 NO-

100 1971 236 2038 VICIUS:
258 1977 335 2039 Satis
356 1977 426 2038 mihi
445 1979 614 2040 iam‘iateor
635 1973 802 2055 probatum,
825 1979 902 2055 quod
923 1981 1010 2042 beata
1030 1981 1125 2045 Maria

101 2057 238 2138 diligentes
266 2079 298 2123 se
327 2063 426 2140 diligat
452 2070 481 2124 ct
508 2065 637 2128 honoret.
678 2065 913 2130 MONAOHUS:
943 2068 1010 2128 Non
1031 2070 1124 2130 solum

100 2161 159 2206 suos
186 2149 333 2212 dilectores
361 2168 396 2210 ac
422 2150 540 2211 dilectos
568 2151 606 2211 ad
634 2154 724 2212 vitam
745 2150 851 2234 ducit³)
875 2161 1037 2232 aeternam,
1065 2159 1123 2217 imo

99 2230 251 2316 frequenter
270 2237 333 2300 illos
355 2240 442 2298 etiam
463 2237 501 2298 ad
522 2238 652 2340 honores!
665 2239 799 2316 provehit
819 2243 999 2318 temporales.
1086 2307 1087 2314 χ

404 2392 637 2456 CAPITULUM
657 2393 823 2462 XXXIX(

119 2509 161 2571 De
180 2511 293 2574 Abdere
313 2521 433 2588 metro,
460 2518 509 2576 ror·
529 2519 647 2592 circem
663 2517 848 2594 pectoralem
868 2525 974 2580 amacio
994 2518 1098 2580 Maria

134 2603 283 2676 pmspere
304 2604 369 2661 oica
392 2608 434 2662 est
455 2608 617 2678 antequam
638 2605 671 2664 io
683 2603 828 2665 Adbotem
844 2614 1081 2682 promoveretur.

156 2737 226 2798 Post
245 2747 367 2800 mortem
380 2738 505 2800 Abbatis
526 2743 615 2800 nostri
638 2741 772 2822 Gerardi,
793 2743 878 2803 huius
896 2743 1123 2820 praedecessoris

102 2825 143 2894 qui
163 2824 251 2892 hodie
279 2827 441 2902 abbatiani,
467 2828 521 2888 fuit
548 2827 626 2904 apud
651 2847 705 2889 nos
727 2826 860 2892 sacerdos
883 2823 999 2906 quidam
1020 2835 1123 2898 aetatis

102 2905 258 2988 decrepitae,
272 2911 401 2990 Sylridus
414 2917 536 2991 nominc,
558 2917 686 2990 spiritum
708 2917 861 2993 aliquando
883 2924 915 2976 ut
935 2919 1018 2978 nobis
1039 2919 1123 2982 vide-

103 2991 176 3056 batur
196 3000 305 3059 habens
326 3000 503 3078 prophetiae,
545 3002 601 3067 Hie
622 3003 719 3068 multis
742 3004 842 3063 diebus
863 3010 930 3063 ente
952 3004 1123 3068 celebratio-

101 3095 159 3142 nem
178 3085 322 3147 electionis
335 3087 507 3163 quibusdem
528 3093 663 3148 secretius
684 3090 872 3165 praedixerat,
894 3092 971 3166 quod
992 3093 1123 3156 dominus

103 3163 230 3234 chricus
264 3180 334 3236 tunc
362 3174 457 3251 Prior,
486 3175 588 3244 Abbas
617 3183 693 3236 esset
724 3177 852 3252 luterus,
889 3185 918 3237 et
943 3181 973 3238 in
1002 3181 1124 3243 ecclesia

103 3250 258 3320 ltevercnri
283 3263 313 3320 in
333 3260 481 3322 Abbetem
510 3255 732 3328 consecrande
771 3264 937 3340 Requisitus
964 3267 1041 3328 unde
1066 3269 1123 3329 hoc

104 3341 191 3421 sciret,
217 3348 378 3426 respondit:
407 3347 560 3410 Dominam
588 3353 715 3416 nostram
739 3351 800 3418 vidi
827 3358 895 3416 ante
914 3347 1144 3432 presbyterium,

105 3427 218 3494 eiusdem
238 3434 393 3510 ecclcsiae,
420 3435 555 3496 videlicet
582 3437 660 3497 beati
680 3437 771 3514 Petri,
801 3441 912 3516 virgam
934 3443 959 3500 ei
980 3445 1123 3520 porrigere

104 3520 271 3587 pastoralem
320 3521 442 3588 Modum
477 3531 574 3588 temen
609 3527 725 3585 visionis
759 3528 864 3588 nemini
896 3525 989 3588 dicere
1024 3531 1123 3590 voluit
1201 3542 1205 3561 ²

106 3599 171 3675 Quid
193 3607 297 3684 plura?
330 3609 404 3670 Tam
431 3609 607 3672 concorditer
634 3613 663 3670 in
692 3611 839 3678 abbatem
868 3613 976 3674 electus
1004 3622 1063 3690 est,
1091 3622 1123 3674 ut

105 3684 227 3755 unctor
261 3697 425 3774 miraretur,
462 3697 560 3758 dicens
592 3703 652 3761 tam
679 3701 843 3766 unanimem
872 3699 1039 3759 electionem
1065 3718 1121 3759 non

122 3787 146 3856 1)
161 3791 422 3937 ξηδὲιίιξηιίιίιίω,
448 3828 477 3838 -
502 3797 535 3867 2)
553 3795 615 3857 oue
638 3798 743 3868 altari·
768 3829 799 3840 ·-
825 3799 857 3864 3]
876 3795 980 3850 ABCDP
999 3799 1121 3868 diligit,

810 3937 864 4011 3*
