2512 4254
373 265 427 326 DE
448 263 605 327 sANouA
621 263 763 327 MARIA.
1045 269 1082 324 ll

66 389 174 466 bantur3
204 395 233 448 et
262 390 313 464 qui
338 405 370 450 se
392 387 543 448 defendere
564 387 716 449 voluerunt
736 405 789 449 neo
809 393 978 466 potuerunt,
1006 387 1086 448 ocei-

66 473 201 536 debentur.
241 473 299 535 Hic
320 492 386 535 cum
408 476 453 536 die
475 475 600 551 quadam
620 475 792 534 monachum
815 474 958 550 quendam
979 474 1086 534 ordinis

64 564 144 622 nostri
163 555 433 638 obvum‘haberet,
458 579 576 638 sperans
598 562 675 638 quod
696 564 848 638 pecuniam
868 567 1008 638 portaret,
1030 563 1085 621 ait:

64 647 118 707 Nisi
137 649 293 708 voluntarie
314 652 441 725 sequaris
462 667 524 726 me,
546 649 675 710 occidam
696 655 735 708 te.
779 646 875 725 Quem
894 664 961 708 cum
981 663 1085 708 mone·

63 733 127 794 chus
154 741 334 812 sequeretur,
362 743 392 795 et
421 742 570 812 quaereret
596 727 637 795 in¹
652 738 714 812 ria,
743 737 807 812 quis
830 741 920 809 esset,
948 734 996 793 vel
1016 734 1084 810 quid

63 823 149 898 operis
175 822 308 898 haberet3
337 822 484 899 respondit
510 822 573 882 ille:
601 823 665 900 Ego
693 841 757 883 sum
783 821 856 882 latro
876 820 923 882 ille
945 821 1086 896 famosus,

63 925 158 968 numen
185 926 270 968 suum
299 912 467 985 exprimens.
511 909 564 968 Cui
592 927 658 968 cum
685 909 844 969 monachus
869 909 988 968 diceret:
1017 906 1088 972 Jam

62 996 174 1072 incipitis
194 1012 362 1070 canescere,
389 1003 419 1056 et
438 1013 497 1056 non
518 999 623 1056 timetis
643 998 755 1056 animae
776 994 913 1056 vestrae?
941 992 1088 1070 respondit

63 1079 120 1140 ille:
139 1083 202 1142 Non
229 1082 409 1159 plusquam
440 1099 539 1159 pecus.
581 1084 620 1141 Et
640 1085 729 1142 tacuit
749 1083 917 1143 monachus.
959 1079 1091 1142 Veniens

63 1169 89 1226 in
114 1168 277 1245 speluncam
303 1170 393 1245 iliius,
421 1172 462 1230 ait
488 1172 563 1229 intra
591 1187 639 1230 se:
667 1169 699 1230 Si
721 1187 822 1246 posses
843 1170 989 1229 hominem
1009 1168 1087 1227 hunc

64 1261 233 1332 convertere,
267 1273 404 1334 magnum
437 1255 502 1316 Deo
534 1262 695 1333 praestares
723 1258 900 1332 obsequium.
949 1254 1086 1331 Dixitque

65 1339 98 1401 ad
115 1341 263 1404 latronem:
285 1343 316 1404 Si
329 1340 346 1423 ¹)
367 1343 435 1402 licet
455 1343 524 1402 mihi
541 1342 649 1418 aliquid
670 1360 722 1403 vos
735 1341 930 1421 interrogare?
950 1343 1085 1418 Respon-

65 1426 140 1490 dente
159 1429 215 1505 illo,
237 1429 319 1506 licet3
340 1429 498 1490 monachus
519 1430 678 1489 subiunxit:
701 1429 801 1507 Qualis
824 1431 931 1490 exstitit
950 1431 1011 1488 vite
1032 1446 1085 1488 ve·

66 1519 117 1574 stra
132 1533 149 1574 a
164 1516 324 1592 principio?
339 1517 498 1593 Respondit
516 1516 579 1576 ille:
600 1517 739 1577 Pessima.
770 1517 892 1594 Quando
913 1533 985 1592 puer
999 1533 1086 1591 eram,

67 1605 263 1663 cumomnibus
283 1606 354 1664 meis
364 1594 534 1664 'coaetaneis
553 1603 776 1679 contendebam3
797 1605 890 1663 laetus
910 1603 1086 1678 adolescens,

66 1687 137 1748 tuos
145 1706 258 1766 operam
269 1690 348 1766 dedi,
366 1691 468 1750 deinde
481 1693 511 1749 in
524 1692 617 1750 virum
629 1690 790 1767 proficiens,
802 1690 951 1750 latrocinia
965 1693 1086 1766 exercui,

67 1775 203 1850 inquibus
224 1777 298 1838 adeo
311 1779 427 1854 proieci,
448 1785 481 1837 ut
493 1777 579 1838 hodie
594 1785 681 1854 eaput
702 1785 731 1837 et
744 1780 879 1856 magister
893 1779 947 1836 sim
959 1778 1086 1836 omnium

69 1857 195 1922 duonum
228 1864 313 1924 huius
336 1867 521 1941 ‘provinciae
574 1863 624 1924 Ad
663 1865 741 1941 quod
779 1864 953 1924 monachus:
992 1863 1085 1924 Num-

69 1946 127 2021 quid
149 1967 205 2009 non
232 1953 337 2012 timetis
357 1969 466 2028 poenas
487 1957 631 2027 aeternas,
659 1952 823 2012 huiusmodi
845 1952 979 2028 operibus
1000 1968 1086 2028 prae-

69 2036 190 2108 paratas?
209 2037 333 2098 Dicente
352 2039 410 2114 illo,
432 2039 468 2099 de
490 2041 585 2098 anima
605 2039 684 2099 nulla
705 2039 774 2098 mihi
796 2041 925 2115 quaestio
948 2036 1029 2118 ειν),
1051 2054 1085 2097 eo

69 2121 135 2195 qood
152 2123 262 2200 perdite
283 2128 334 2202 sit3
355 2126 512 2186 monachus
533 2126 690 2202 respondit:
724 2125 800 2204 Quid
821 2129 846 2185 si
865 2142 981 2202 possem
1003 2125 1087 2185 vobis

69 2208 201 2271 ostendere
222 2215 299 2273 viam
321 2213 435 2288 salutis,
456 2212 567 2273 velletis
589 2213 658 2272 mibi
679 2216 877 2289 acquiescere,
898 2211 1010 2274 necne?
1036 2211 1088 2270 Ait

68 2291 142 2355 latro:
162 2297 256 2360 Etiam
269 2301 352 2361 vobis
367 2301 564 2360 consentirem.
602 2301 641 2359 Et
661 2299 723 2360 ille:
743 2299 880 2360 deiunate
901 2317 990 2358 unum
1012 2298 1087 2358 diem

68 2381 288 2446 inhebdomada
314 2389 344 2446 in
372 2387 480 2447 honore
508 2394 627 2448 sanctae
654 2386 765 2448 Mariae
793 2386 944 2447 Genitricis
971 2387 1036 2460 Dei,
1058 2392 1113 2444 et.

69 2467 162 2530 nulum
188 2475 217 2531 in
245 2470 323 2554 illa³)
351 2473 489 2564 laedatis,
517 2481 546 2534 et
574 2477 670 2534 sciatis
697 2491 750 2550 pro
772 2479 850 2534 certo
878 2475 946 2548 quia
966 2475 1087 2550 gratiam

69 2555 134 2629 apud
151 2557 268 2641 fluunt)
293 2561 376 2621 vobis
397 2561 545 2622 obtinebit.
587 2561 746 2637 Respondit
765 2561 853 2620 latro:
883 2560 965 2620 Haec
986 2576 1088 2619 revera

69 2640 170 2721 locem,
200 2654 229 2708 et
256 2649 314 2706 iam
335 2664 446 2724 vove03
475 2647 545 2706 nihil
575 2664 610 2707 ee
642 2648 687 2708 die
709 2647 874 2722 comedam,
902 2646 1012 2706 nullum
1034 2645 1087 2704 de-

70 2729 224 2810 praedabor,
245 2733 356 2793 nullum
380 2734 504 2794 laedam.
545 2734 697 2812 Elegitque
720 2735 795 2796 diem
816 2735 945 2808 sabbati,
966 2731 1036 2790 nihil
1057 2734 1086 2790 in

70 2813 108 2874 illo
127 2819 189 2878 muli
209 2837 347 2897 operans,
371 2823 428 2881 imo
450 2822 586 2898 plurimos
608 2840 627 2881 a
648 2825 789 2883 sociorum
810 2822 942 2880 manibus
965 2819 1087 2895 deprae-

71 2897 163 2965 dandos
189 2909 249 2968 sive
272 2907 443 2967 occidendos
466 2910 503 2969 ob
525 2907 663 2968 honorem
685 2910 787 2969 beatae
808 2909 935 2983 Virginis
957 2908 1086 2983 eripiens.

70 2985 162 3052 Eodem
181 3000 310 3072 tempore
326 2994 495 3054 Tridentum
516 2996 555 3054 ab
575 2995 707 3056 hostibus
728 3013 780 3072 per
801 2996 947 3054 circuitum
968 2994 1087 3054 infeste·

70 3073 151 3154 bour,
177 3088 206 3140 et
233 3087 370 3142 exeuntes
398 3082 534 3142 satellites
556 3085 678 3142 civitatis
701 3101 767 3142 cum
788 3081 885 3142 hostes
907 3079 953 3141 die
974 3083 1087 3141 sabbati

70 3161 272 3242 bsequerentur,
293 3171 350 3228 iam
369 3167 476 3228 dictum
496 3169 635 3228 latronem
650 3173 786 3229 inermem
800 3175 916 3244 propter
934 3169 1087 3227 sabbatum

70 3262 122 3308 cum
142 3256 238 3314 ceteris
260 3261 406 3330 oeperunt.
448 3255 486 3314 Et
509 3273 574 3316 cum
596 3260 672 3316 essct
692 3255 877 3329 fortissimus,
900 3271 959 3315 non
981 3273 1012 3314 se
1034 3255 1087 3316 de-

68 3333 184 3400 fendebat
210 3359 275 3401 cum
298 3349 461 3418 caperetur,
490 3360 547 3402 non
570 3360 602 3402 se
623 3343 794 3418 excusabat,
822 3359 875 3402 nec
896 3342 976 3418 loqui
997 3341 1088 3402 voluit

69 3421 238 3504 uumgatm
260 3447 325 3490 cum
347 3429 505 3496 duceretur.
548 3429 674 3489 Veniens
683 3426 704 3508 ὅ)
725 3433 754 3488 in
778 3432 938 3504 civitatem,
966 3445 1034 3489 mox
1055 3435 1088 3487 ut

70 3514 180 3588 cognitus
209 3523 268 3591 est,
295 3516 425 3593 patibulo
454 3515 635 3576 adiudicatus
656 3522 707 3576 est.
749 3517 829 3576 Nutu
850 3523 948 3576 tamen
968 3522 1002 3575 ut
1023 3531 1087 3575 cre-

86 3696 148 3765 1)ιί
168 3716 208 3753 orn
226 3700 255 3754 B.
273 3701 345 3754 (loni.
362 3701 450 3754 neoth.
470 3703 513 3766 te,
529 3702 554 3756 3.
574 3730 604 3743 ·-
624 3701 696 3824 2313
717 3701 796 3754 mihi
819 3659 904 3754 ndlla
922 3709 974 3752 est
991 3714 1087 3768 quac-

125 3770 193 3824 rtio.
208 3801 238 3812 -
252 3769 284 3842 3)
303 3771 323 3826 B
340 3774 370 3825 in
387 3772 445 3826 illa
462 3771 524 3826 die.
539 3801 569 3822 -.-
581 3770 614 3841 4)

670 3770 772 3824 filium
791 3787 887 3823 suurn.
901 3799 931 3810 -
945 3770 977 3838 5)
994 3769 1015 3822 Β
1032 3783 1087 3822 ve-

126 3839 252 3894 uiantes.
