2608 4252
186 287 225 344 64
491 283 717 347 DISTINGTIO
740 282 914 346 SEPTIMA

185 405 223 466 ad
251 407 404 482 imaginem
433 424 546 468 sacram
568 410 690 468 cucurrit
705 405 737 488 ι),
767 415 798 468 et
815 424 936 484 puerum
958 407 1033 466 sinui
1055 407 1117 466 eius
1139 407 1219 467 rmti·

185 501 270 553 tuens
289 496 344 551 aitr
374 493 450 570 Quia
471 497 616 554 restituisti
638 495 708 554 milri
728 494 816 554 tiliam
837 511 948 568 meam,
973 509 1011 552 en
1030 493 1084 554 tibi
1105 493 1219 554 restituo

186 579 275 640 filiurn
297 587 388 640 tuum.
429 581 511 642 Haec
532 582 602 642 milri
630 581 721 642 relata
741 587 809 641 sunt
829 600 848 640 a
869 579 1034 656 saepedicto
1056 578 1219 640 Hermanno

186 665 303 728 Abbate
324 667 397 726 Loci
417 673 533 728 sanetae
555 667 680 742 Mariae,
715 671 763 744 qui
782 667 907 746 puellam
928 667 1016 742 vidit,
1039 671 1067 726 et
1087 684 1107 726 a
1128 667 1220 726 matris

187 771 236 814 ore
269 771 343 830 quae
376 753 453 814 dicta
485 760 552 814 sunt
584 754 701 814 audivit.
753 754 826 816 Cum
858 753 958 814 adhuc
981 753 1064 813 Prior
1093 761 1167 813 esset
1191 753 1220 811 in

186 840 408 916 Hemmenrode,
430 848 459 900 et
480 839 594 900 firmum
615 841 736 902 haberet
745 843 923 922 propositum
944 842 1089 916 resignare
1108 840 1219 900 Priora·

186 935 233 988 tus
265 927 404 1002 officinm,
437 927 583 1004 praedicta
615 935 747 988 matrona
779 930 816 989 ab
850 927 968 987 Abbate
1001 929 1063 986 eius
1111 926 1219 987 domino

186 1015 341 1075 Eustachio
372 1031 458 1090 quem
479 1015 603 1091 hospitio
625 1021 780 1092 receperat,
805 1021 838 1075 ut
859 1015 913 1074 sibi
935 1030 1001 1073 eum
1023 1017 1221 1073 transmitteret

184 1104 296 1180 petivit,
318 1107 347 1160 et
360 1102 490 1161 obtinuit
512 1101 607 1179 Quem
620 1109 687 1162 ante
701 1104 856 1180 imaginem
869 1101 927 1162 Dei
941 1099 1094 1160 Genituicis
1108 1101 1221 1173 ducens,

187 1207 224 1248 ue
252 1187 376 1248 officium
405 1205 490 1248 suum
511 1190 669 1266 resignaret
689 1188 838 1248 admonuit
849 1185 879 1269 ²).
921 1187 1004 1262 Deo,
1033 1189 1140 1264 inquit,
1166 1203 1220 1247 uon

186 1275 290 1352 placet,
311 1277 335 1334 si
355 1275 575 1352 resignaveritis.
619 1275 672 1336 (itui
694 1293 760 1336 cum
781 1276 828 1340 ille
851 1275 966 1350 diceret,
987 1274 1064 1335 unde
1085 1275 1141 1336 hoo
1168 1291 1219 1334 uo·

186 1360 260 1422 stis?
288 1361 436 1438 respondit
462 1361 527 1421 illa:
556 1362 650 1423 Nemo
671 1363 742 1421 mihi
761 1363 818 1423 hoo
839 1361 993 1437 revelarit,
1023 1363 1079 1422 nisi
1099 1361 1221 1422 Domina

185 1451 250 1524 ista,
272 1448 361 1526 digito
374 1450 528 1524 imaginem
550 1449 704 1525 ostendens
715 1445 746 1528 ³).
789 1449 883 1508 Multa
904 1448 1044 1525 siqnidem
1058 1447 1150 1510 eidem
1170 1445 1218 1508 dc·
1279 1449 1280 1464 ¹

186 1541 275 1596 votae
295 1535 417 1596 feminae
438 1553 490 1611 per
511 1553 623 1596 sacram
643 1537 721 1596 illam
742 1538 897 1612 imaginem
913 1535 1085 1611 revelantur,
1104 1536 1219 1612 plurima
1279 1553 1280 1566 ¹

187 1639 242 1706 per*
258 1621 337 1683 illam
357 1621 498 1683 beneficia
519 1625 710 1699 consequitur.
752 1621 956 1684 NOVICIUS:
983 1622 1100 1684 Neseiri
1123 1622 1218 1684 hacte-

189 1727 244 1770 nus
265 1716 360 1770 tantas
383 1727 445 1770 esse
467 1710 675 1770 consolationes
695 1712 725 1768 in
746 1711 919 1786 imaginihus
933 1715 1106 1770 sanctorum.
1146 1705 1218 1768 ΜΟ-

188 1796 363 1859 NACHUS:
384 1796 492 1856 Multas
514 1800 606 1857 sancti
626 1800 656 1855 in
678 1799 737 1856 suis
758 1803 787 1856 et
807 1814 859 1873 per
885 1814 953 1856 suas
972 1798 1112 1874 imagines
1132 1798 1218 1855 rirtu·

189 1890 233 1944 tes
255 1891 409 1960 operantur
417 1927 437 1958 a:
445 1887 568 1944 maxime
590 1887 619 1942 in
640 1883 694 1943 illis
714 1883 785 1944 loeis
807 1885 858 1954 ubi
878 1879 1092 1963 venerantur⁴).
1132 1875 1219 1942 Num·

190 1969 259 2045 quid
287 1987 347 2029 non
374 1969 532 2030 recordaris
560 1973 672 2030 invenis
700 1975 849 2047 apostatae
870 1973 950 2030 iuxta
970 1970 1147 2045 Floreitiam,
1174 1969 1219 2044 qui

189 2073 241 2133 per
272 2057 427 2133 imaginem
454 2056 559 2117 beatae
579 2059 707 2134 Virginis
736 2060 906 2118 consecutus
935 2064 979 2118 est
1005 2057 1218 2134 indulgentiam
1277 2097 1279 2110 .

189 2143 316 2203 similiter
338 2149 367 2202 et
388 2144 625 2220 sanctimonialis,
649 2161 723 2220 qnae
745 2145 782 2204 ab
806 2147 866 2204 eius
887 2146 1011 2222 imagine
1032 2144 1138 2220 olapha
1157 2159 1220 2204 stu-
1278 2163 1279 2192 r

190 2236 276 2306 cepta
301 2229 491 2306 periculosam
512 2233 604 2290 evasit
631 2231 837 2292 tentationem?
880 2230 1084 2292 NOVIGIUS:
1112 2229 1218 2292 Utrius-

190 2334 247 2393 que
278 2317 354 2376 bene
385 2319 516 2392 memini,
547 2321 631 2393 primi
661 2317 795 2378 videlicet
825 2318 955 2378 miraculi
985 2319 1015 2377 in
1048 2317 1218 2378 &unedone

190 2402 318 2464 secunda
339 2404 464 2479 capitulo
486 2404 671 2481 duodecimo,
700 2413 729 2465 et
750 2406 868 2466 secundi
888 2407 918 2464 in
940 2405 1119 2466 &tinctione
1139 2417 1217 2486 prac-

190 2492 264 2550 senti
286 2489 411 2566 capitulo
432 2493 575 2550 tricesimo
597 2496 694 2568 tertios
721 2498 750 2552 et
771 2499 871 2569 stupor
890 2491 1000 2552 invadit
1020 2508 1082 2566 me,
1111 2489 1217 2552 cumin

190 2577 275 2655 lignis
296 2576 381 2636 audio
404 2594 506 2638 vocem
527 2578 565 2637 ad
586 2577 770 2657 loquendum,
791 2597 894 2640 manus
915 2578 952 2640 ad
972 2578 1139 2654 feriendum,
1158 2592 1216 2637 cor·

191 2666 268 2744 poris
279 2666 513 2739 incurvationem,
527 2668 707 2741 erectionem,
720 2663 885 2741 sessionem,
899 2671 928 2726 et
937 2663 1062 2741 reliquos
1072 2672 1164 2726 motus
1176 2663 1217 2722 ri-

189 2751 271 2813 tales.
292 2751 387 2828 Magis
405 2748 507 2832 haam)
528 2752 660 2826 admiror,
682 2769 769 2827 quarn
782 2753 927 2829 loquelam
939 2754 1038 2812 azinae
1051 2759 1151 2812 contra
1162 2749 1217 2812 Ba·

189 2833 304 2919 lew).
325 2839 381 2898 Illa
396 2841 471 2899 enim
484 2841 608 2898 animam
619 2839 747 2898 habebat
757 2839 924 2900 motabilem
935 2836 965 2918 ');
976 2841 1006 2897 in
1019 2835 1217 2916 ligni's,lapidi-

191 2926 255 3000 bus,
268 2929 330 2986 sive
339 2927 470 3001 metallis,
481 2924 576 2986 nullus
586 2927 699 3002 spiritus
711 2933 762 2986 est.
782 2925 1017 2987 MONAOHUS:
1030 2925 1153 2986 Divinus
1164 2924 1217 3002 spi·

190 3013 260 3070 rima
287 3015 317 3070 in
346 3016 435 3072 omni·
451 3020 581 3074 meatura
609 3020 652 3074 est
679 3031 732 3089 per
759 3016 911 3074 essentiam
933 3020 961 3074 et
981 3030 1034 3088 per
1054 3014 1218 3090 potentiam,

191 3100 237 3158 cui
257 3098 328 3156 nihil
348 3101 524 3177 impossibile
546 3107 605 3176 est,
626 3100 696 3159 nihil
717 3101 932 3176 miraculosum,
961 3101 1009 3175 qui
1031 3101 1068 3160 ad
1089 3100 1217 3160 honorem

191 3192 354 3246 sanctorum
387 3203 505 3248 suorum
533 3188 605 3248 haec
634 3195 663 3248 et
690 3188 735 3247 his
746 3184 767 3267 ⁸)
797 3186 901 3248 similia
929 3186 1055 3262 quotidie
1085 3191 1217 3263 operatur·

191 3272 238 3332 De
258 3275 381 3348 imagine
403 3292 472 3334 vero
495 3277 599 3336 beatae
612 3276 738 3352 Virginis
759 3275 880 3334 referem
901 3275 953 3334 tibi
971 3273 1116 3349 quandam
1136 3274 1216 3333 risio

191 3377 257 3420 nem
279 3359 435 3436 mirificam,
457 3378 532 3436 quae
553 3368 620 3422 ante
641 3361 698 3438 hoc
719 3363 872 3422 triennium
892 3362 969 3424 facta
991 3368 1042 3421 est.

211 3647 279 3716 1)B
305 3649 458 3698 recurrit.
484 3677 516 3686 -
539 3648 571 3715 2)
598 3648 617 3699 B
641 3651 771 3700 amovit.
797 3677 828 3688 —
853 3649 886 3716 3)
909 3649 929 3700 Β
953 3649 1059 3717 digito
1082 3665 1149 3702 eam
1172 3647 1217 3699 de·

261 3723 455 3771 monstrans.
480 3745 509 3755 -
534 3717 605 3835 42ss
629 3717 685 3767 ubi
707 3717 926 3779 honorantur,
949 3725 982 3768 et
1005 3719 1066 3770 lroc
1087 3727 1218 3786 propter

262 3801 421 3853 personas
452 3799 465 3834 a
493 3786 547 3851 qui
575 3801 609 3835 us
635 3785 847 3838 honorantur.
876 3813 906 3822 —
934 3786 966 3848 5)
990 3784 1010 3838 G
1036 3787 1105 3840 lroc.
1134 3818 1165 3828 -
1190 3786 1217 3853 6)

261 3857 361 3908 Numer.
380 3855 421 3905 22.
442 3881 471 3892 -
492 3855 523 3920 7)
541 3853 561 3904 B
579 3855 753 3906 mortalem.
773 3883 802 3896 -
823 3853 855 3918 8)
873 3851 958 3904 tuot>
975 3852 1171 3910 huiusmodi.
