2608 4252
179 201 220 264 at
482 196 710 265 namatio
731 203 906 267 SEPTIMA

177 325 222 386 iae
244 325 295 385 tibi
307 321 392 386 hodle
402 341 438 385 ex
449 341 484 385 eo
494 327 584 386 lavari
597 325 613 407 ¹)
636 335 723 404 eaput
732 329 823 387 tribus
833 329 945 388 vicibus
957 337 1023 386 ante
1035 329 1161 403 missam,
1180 330 1213 390 in

177 415 291 472 uomina
312 413 405 472 Patris
426 421 456 472 at
475 413 540 472 lilii
560 421 591 474 et
610 415 734 490 Spiritus
755 417 859 490 sauch,
883 416 1037 490 statimque
1057 417 1214 476 curaberis.

177 498 216 560 Et
236 500 354 560 adiecit:
375 500 492 560 Accede
505 501 544 560 ad
563 519 620 560 me.
663 502 749 577 Quod
770 509 799 561 et
818 503 881 562 ieci.
923 502 1069 562 Flecteute
1090 519 1139 562 me
1159 519 1215 564 co·

177 603 239 646 mm
261 605 296 648 ea
316 605 424 664 genua,
455 606 572 646 manum
593 605 678 664 super
700 596 786 665 caput
805 607 902 648 meum
922 605 1045 664 ponens,
1074 591 1131 648 ait:
1161 588 1214 648 Ab

177 671 232 734 bac
260 674 333 736 hora
358 692 451 750 usque
478 675 516 733 ad
524 672 545 755 ²)
575 673 650 734 diam
677 679 776 735 mortis
802 673 870 736 tuae
898 693 955 734 nou
984 677 1092 736 dolebis
1115 681 1214 754 caput.

176 759 265 822 Mane
285 779 355 822 vero
369 761 483 824 cuidam
496 762 634 837 feminae,
666 780 742 838 quae
769 781 816 822 me
837 765 969 838 nutrivit,
990 766 1087 823 omnia
1107 763 1181 826 haec
1189 759 1213 844 ³)

176 849 268 910 rabah.
318 850 399 926 Qtrae
426 851 455 906 iu
483 849 589 908 vallem
616 853 774 926 proximam
803 850 991 926 descendeus,
1024 858 1053 910 et
1081 857 1212 912 ostensos

176 935 286 996 hactus
307 937 452 1012 caligem
472 935 619 1012 praedicto
640 937 727 996 modo
749 943 942 1012 eaputmeum
961 936 1040 1012 lavit,
1055 941 1212 1014 statimque

177 1023 318 1086 aarum.
359 1021 497 1082 Dolorem
510 1040 580 1082 vero
609 1026 708 1098 capitis
729 1041 876 1099 nunquam
889 1025 926 1083 ab
947 1024 996 1082 illa
1015 1024 1088 1084 hora
1107 1043 1213 1102 passus

177 1127 255 1184 sum,
284 1127 349 1172 cum
377 1115 472 1170 tamen
494 1110 600 1170 hocin
622 1111 719 1170 ordine
740 1115 808 1170 satis
830 1114 867 1170 sit
887 1112 1095 1170 miraculosum.
1137 1110 1213 1171 NO-

177 1195 322 1258 VIGIUS:
351 1195 391 1256 Ut
419 1198 503 1256 video
532 1197 672 1256 medidus
693 1199 795 1257 beatae
816 1197 941 1274 Virginis
962 1197 1032 1257 nihil
1053 1197 1214 1274 efficacius,

176 1281 248 1364 uil⁴)
271 1283 413 1344 salubrius
435 1291 487 1343 est
509 1283 744 1344 MONACHUS:
766 1285 827 1344 Neo
848 1289 958 1344 mirum.
979 1286 1048 1361 Ipsa
1067 1286 1213 1345 medicum

175 1373 281 1450 genuit,
301 1373 364 1450 ipsa
385 1371 556 1432 medicinam
576 1374 687 1448 generis
700 1372 817 1430 humaui
839 1389 874 1430 ex
894 1389 925 1430 se
942 1372 1084 1448 produxit.
1125 1371 1212 1432 Unde

176 1459 313 1536 scriptum
345 1463 403 1518 est:
437 1456 586 1518 Gautiaet
619 1467 699 1517 terra
728 1457 849 1516 herbam
877 1461 1018 1518 virentem
1049 1459 1213 1519 secuudum

176 1563 268 1624 patus
296 1564 384 1606 atum
397 1540 426 1626 ⁵),
447 1545 477 1604 id
499 1552 550 1606 est„
567 1545 662 1606 Maria
684 1545 827 1603 Christum
848 1544 1020 1622 hominem.)
1042 1545 1213 1608 animatum

176 1649 279 1710 corpus
300 1649 424 1707 sumens,
451 1633 487 1692 de
513 1634 622 1710 virgine
649 1635 729 1692 nasci
750 1632 882 1707 dignatus
903 1639 954 1690 est.
996 1633 1070 1692 Item
1092 1649 1213 1708 expres-

175 1721 234 1782 sius
256 1723 283 1782 iu
298 1718 513 1780 Ecclesiastico:
535 1721 701 1779 ditissimas
723 1719 758 1777 de
773 1726 854 1778 terra
868 1722 977 1780 aeaeis
994 1714 1212 1792 madianaea),

175 1805 204 1868 ia
226 1813 270 1868 est
298 1824 333 1868 cx
356 1823 440 1866 came
462 1808 578 1884 uaginis
600 1806 781 1864 salvatorem.
823 1804 910 1864 Jesus
931 1809 1129 1882 interpretatur
1151 1805 1212 1866 sal·

175 1899 257 1956 vator
277 1895 339 1954 sive
353 1893 485 1954 emutare.
529 1893 605 1968 Quia
618 1892 751 1966 salvator,
772 1891 899 1951 medicus
921 1899 972 1967 est,
994 1896 1061 1970 qula
1077 1893 1213 1969 satutare,

174 1979 316 2044 medicina
333 1985 385 2040 est.
428 1977 513 2058 Quod
525 1977 619 2038 Maria
630 1985 705 2038 terra
726 1981 771 2053 sit,
785 1982 864 2038 testis
888 1986 931 2038 est
943 1979 1041 2055 Isaiae,
1064 1983 1112 2054 qui
1127 1979 1211 2040 dicit:

174 2071 338 2146 repetatur
355 2073 435 2128 tara
457 2073 485 2125 et
502 2069 644 2142 permittet
663 2065 850 2125 salvatorem.
893 2065 979 2142 Quod
1001 2067 1036 2125 de
1057 2067 1112 2126 hac
1134 2073 1213 2128 terra

175 2161 287 2220 creatus
308 2155 358 2228 stt,
379 2152 455 2214 idem
476 2152 622 2228 Propheta
644 2152 711 2211 dioit
731 2155 761 2210 iu
781 2169 904 2227 persona
923 2152 1029 2212 Patris:
1051 2153 1118 2228 Epo
1139 2155 1210 2214 Do-

173 2245 271 2304 au'aus
303 2243 401 2302 meavi
429 2239 513 2300 illum
526 2235 557 2312 ¹).
600 2239 638 2296 Et
658 2238 816 2316 Apostolus
838 2238 905 2298 dicit
933 2256 998 2299 eum
1025 2241 1143 2316 facium
1173 2259 1211 2303 ex

174 2325 338 2406 msattaet).
382 2325 459 2406 Quid
487 2344 554 2404 ergo
583 2328 687 2385 mirum
714 2329 739 2384 si
766 2326 843 2414 apud
871 2329 962 2401 ipsam
993 2332 1058 2386 sunt
1079 2327 1210 2388 medica·

173 2423 270 2480 martia
291 2415 454 2490 sanitatum,
471 2413 655 2490 quaehortus
677 2419 721 2471 est
741 2411 920 2472 aromatum?
963 2415 1095 2474 Dilectus
1117 2425 1214 2490 rneua,'

172 2505 276 2582 iuquit,
298 2501 495 2562 descenditur
516 2501 636 2560 bortum
658 2518 761 2572 mam,
783 2499 813 2557 id
835 2506 878 2560 est
906 2502 934 2558 in
956 2507 1079 2559 utemm·
1095 2517 1208 2578 meum,

171 2590 214 2654 ati
235 2589 368 2650 areolam
390 2582 600 2664 orauatum⁹).
637 2585 792 2645 Considera
804 2586 918 2662 Rupem
934 2585 1080 2646 Amatoris
1101 2595 1130 2646 et
1151 2589 1209 2650 alia

171 2677 236 2742 loca
256 2677 285 2736 in
306 2675 414 2736 honore
433 2674 524 2752 ipsius
546 2673 648 2748 dicata,
670 2679 699 2732 et
718 2691 777 2732 non
790 2674 945 2748 miraberis,
966 2675 990 2732 si
1006 2681 1107 2749 parata
1124 2675 1209 2735 fuerit

171 2763 209 2828 ad
230 2761 411 2838 medendum,
433 2767 461 2822 et
475 2759 576 2820 efficax
597 2759 635 2820 ad
655 2759 822 2819 sanandum.
865 2760 947 2820 Unde
968 2763 997 2818 in
1018 2759 1118 2820 Monte
1131 2761 1207 2823 Pes-

170 2851 287 2924 sulauo,
316 2850 366 2911 ubi
386 2849 449 2910 sont
472 2855 515 2908 est
536 2849 603 2906 artis
624 2846 776 2924 physicae,
798 2853 892 2906 tantas
914 2853 1047 2922 operatur
1068 2852 1207 2912 sanitates

167 2939 197 3000 lu
220 2935 344 3014 quadam
366 2955 419 2998 sua
447 2935 581 3010 ccclesia,
610 2941 641 2992 ut
663 2933 766 2992 medici
792 2934 900 3010 gratiae
927 2935 1100 3012 invidentes,
1128 2953 1206 3012 pau-

167 3023 290 3104 perculis
310 3021 518 3083 lufirmaotihus
548 3028 576 3080 et
602 3038 655 3098 pro
683 3021 808 3080 remedio
837 3023 991 3079 sanitatum
1018 3021 1056 3080 ad
1078 3039 1109 3081 se
1132 3039 1205 3082 con-

167 3109 319 3174 flucutlhus
347 3109 440 3170 dicere
469 3107 595 3170 soleant:
627 3108 672 3168 Ite
705 3107 743 3166 ad
764 3107 913 3166 ecclesiam
941 3114 1057 3167 sauctae
1078 3107 1204 3188 Mariae,

168 3197 274 3262 delecte
297 3199 323 3258 al
343 3195 447 3274 lumen,
470 3203 497 3256 et
514 3197 654 3272 recipietis
672 3197 831 3254 sanitatem.
863 3194 901 3252 Et
922 3209 988 3252 cum
1008 3193 1064 3254 hoc
1085 3199 1205 3272 yronica
1226 3193 1229 3203 ’

166 3283 274 3358 dicant,
302 3299 443 3362 pauperes
478 3284 515 3344 ab
546 3285 586 3341 eis
624 3283 703 3357 passi
730 3279 888 3355 repulsam,
919 3279 957 3338 ad
976 3283 1070 3356 ipsam
1099 3285 1204 3344 conlu-

164 3373 252 3453 piuut,
275 3376 303 3432 at
316 3375 459 3432 sanantur.
501 3368 647 3444 Numquid
667 3384 726 3426 non
746 3365 827 3425 vides
849 3384 935 3442 quam
957 3366 1078 3427 celerem
1091 3374 1204 3432 sanita-

164 3467 222 3523 tem
255 3461 466 3534 cousequantur
495 3455 700 3528 febricitantes,
731 3454 867 3512 ieiunium
897 3455 982 3512 trium
1014 3453 1203 3519 sabbatorum

183 3645 215 3712 i)
231 3643 251 3698 B
269 3643 387 3764 lrvcrla.
402 3671 433 3684 -
447 3639 573 3762 22hhliu.
591 3639 674 3760 38}
686 3636 838 3760 hatst21ud2d⁴
849 3637 878 3689 B.
891 3637 1202 3764 -64)Egchpi;8-4uil,

230 3712 489 3852 mittimur-
504 3725 540 3850 ιε’)
554 3708 638 3833 anai.
656 3723 827 3845 iffa-’m
840 3733 916 3828 'cha
933 3707 960 3840 ir,
982 3776 1005 3828 1.
1033 3745 1042 3764 ⁶
1094 3748 1102 3777 '
1139 3751 1146 3766 '
1168 3745 1199 3756 “
