2608 4252
188 250 229 308 50
492 243 718 307 DISTINGTIO
740 243 915 306 SEPTIMA

187 369 222 430 dc
254 371 433 428 tornamento
465 373 658 442 occurrerant,
691 373 720 426 et
746 366 804 428 hoc
832 384 868 428 ex
895 367 1082 443 responsione
1107 363 1214 428 illorum

186 457 380 534 cognovisset,
407 455 566 514 subiunxit:
587 453 677 513 Estne
698 453 793 513 adhuc
804 449 821 533 ¹)
842 453 1009 529 inceptum?
1052 454 1215 516 Dicentibns

185 543 254 618 illis,
286 545 386 617 etiam,
418 541 579 618 respondit:
633 539 704 616 Quis
734 540 835 602 fortius
865 541 907 600 ibi
937 539 1026 602 lacit?
1078 538 1216 600 Dominus

185 629 331 690 Waltenrs
365 631 497 705 inquiunt
525 628 560 688 de
588 625 727 703 Birbeeh,
761 629 823 703 ipse
855 629 885 686 in
920 644 969 688 ore
1007 629 1132 688 omnium
1161 634 1216 700 est,

186 718 318 778 omnibus
355 715 512 792 praeierbu
550 719 578 773 et
610 715 648 774 ab
681 715 813 774 omnibus
844 713 986 774 laudatur.
1046 713 1119 774 Aliis
1149 731 1217 775 vero

185 805 412 877 decumantibus,
452 809 481 860 et
511 799 613 861 similia
650 801 824 876 dicentibus,
863 805 981 876 stupens
1011 801 1217 874 admirabatur,

186 893 323 968 qmdnam
339 890 395 950 hoc
407 888 597 964 portenderet.
639 886 748 947 Actum
770 893 813 948 est
834 887 968 948 ineffabili
989 889 1095 965 pietate
1116 889 1218 949 beatae

184 979 323 1056 Virginis,
355 983 388 1035 ut
419 975 537 1034 militem
571 973 707 1033 devotum
734 976 764 1032 in
796 975 934 1050 obsequio
961 992 1014 1036 suo
1047 975 1219 1049 tardantem,

184 1068 297 1126 interim
318 1066 346 1122 in
374 1067 553 1122 tornamento
580 1060 747 1135 honoraret,
780 1063 898 1137 eiusque
911 1062 1080 1122 'absentiam
1100 1061 1220 1130 mirabili

186 1152 312 1228 quadam
332 1152 437 1209 virtute
454 1148 606 1225 suppleret
649 1147 775 1207 Veniens
797 1154 893 1208 tamen
914 1147 952 1208 ad
973 1147 1078 1224 locum,
1100 1150 1220 1210 armarit

184 1257 225 1314 se,
247 1245 276 1298 et
296 1238 420 1312 intravit,
441 1234 493 1294 sed
514 1234 584 1294 nihil
604 1236 701 1310 magni
721 1234 777 1294 illie
800 1237 866 1310 egit.
900 1234 985 1295 Ludo
1006 1251 1075 1296 vero
1098 1235 1220 1312 expleto,
1291 1271 1292 1304 2

185 1324 301 1402 quidam
330 1341 366 1382 ex
387 1322 523 1382 militibus
545 1322 702 1396 hospitium
723 1323 784 1380 eius
805 1323 996 1396 intraverunt,
1018 1328 1048 1380 et
1069 1328 1101 1382 ut
1121 1339 1220 1382 secum
1291 1317 1292 1334 ³

185 1415 279 1472 mitius
301 1427 386 1488 agere
408 1409 572 1486 dignaretur
599 1408 833 1484 deprecabantur.
877 1408 989 1484 Quibus
1010 1425 1078 1468 cum
1099 1407 1218 1469 diecret:
1291 1435 1292 1444 ¹

185 1498 267 1575 Quae
289 1505 333 1558 est
347 1513 435 1557 causa
455 1498 598 1572 petitioms
619 1493 753 1556 vestrae?
780 1494 1000 1570 responderunt:
1021 1494 1116 1556 Hodie
1138 1497 1217 1572 cepi·

184 1588 234 1644 stis
255 1603 316 1661 uos,
338 1590 367 1643 et
386 1600 521 1661 rogamus
534 1588 567 1642 ut
588 1583 662 1642 bene
683 1599 736 1640 nos
757 1584 893 1640 tractetis.
936 1581 1066 1642 Waltero
1088 1590 1219 1659 negante,

184 1690 219 1732 ac
241 1672 368 1732 dicente:
400 1670 463 1748 Ego
485 1687 538 1731 vos
560 1687 619 1729 non
640 1671 718 1745 cepi3
741 1668 960 1744 responderunt:
981 1668 1017 1728 In
1037 1671 1079 1728 rei
1099 1671 1220 1730 scribta

173 1777 236 1828 ,uos
264 1759 350 1819 hodia
372 1758 486 1818 dextras
514 1757 598 1817 vobis
620 1755 763 1829 dedimus,
795 1772 847 1815 nos
869 1757 951 1832 signa
971 1761 1067 1816 vestra
1088 1755 1221 1816 militaria

184 1848 224 1905 ibi
245 1847 380 1920 vidimus,
410 1861 463 1904 nos
485 1861 587 1904 vocem
608 1849 733 1902 vestram
754 1843 793 1901 ibi
815 1841 986 1902 audivimus.
1028 1843 1067 1902 Et
1088 1845 1223 1919 cognovit

185 1935 282 1994 statim
302 1933 358 1992 hoc
379 1937 477 1991 actum
497 1931 584 1990 luisse
605 1932 697 2006 gratia
718 1930 821 1989 beatae
842 1927 979 2009 Virginis,
1010 1946 1097 2004 quam
1125 1929 1222 1989 hono-

185 2026 298 2082 raverat
326 2021 355 2078 iu
383 2020 478 2096 missa.
520 2015 723 2077 NOVICIUS:
752 2015 825 2074 Cum
850 2017 887 2074 sit
914 2015 1034 2076 mortale
1061 2021 1223 2092 peccatum,

184 2111 225 2167 ire
247 2114 276 2166 et
305 2121 436 2166 exercere
464 2109 656 2178 tornameuta,
672 2102 830 2178 ‘quomodo
851 2102 955 2162 beatae
976 2103 1088 2180 Vrrgini
1107 2102 1223 2178 placere

182 2193 339 2271 potuerunt
360 2194 449 2252 oratio
473 2197 502 2252 et
523 2191 630 2256 oblatio
651 2188 793 2250 Walteri?
836 2187 1069 2250 MONACHUS:
1092 2189 1159 2249 Duo
1180 2191 1223 2250 ibi

186 2283 399 2342 committuntur
415 2292 537 2355 peccata
558 2276 696 2352 mortalia,
718 2277 854 2351 superbia
874 2275 982 2336 seilicet
1004 2282 1033 2336 et
1053 2275 1224 2338 inobedien-

185 2372 233 2428 tia.
276 2367 429 2443 Superbia,
458 2368 526 2441 quia
548 2365 579 2424 bt
600 2367 704 2423 intuitu
723 2362 816 2423 laudis
837 2362 993 2439 humanam
1014 2362 1223 2440 inobedientia,

186 2457 253 2530 quia
274 2453 307 2512 lit
327 2458 427 2514 eontra
442 2452 662 2532 prohibitionem
682 2449 838 2511 Ecclesiae.
880 2449 964 2510 Unde
985 2452 1015 2509 in
1036 2454 1224 2512 tornamentis

186 2542 286 2617 occisi,
326 2546 407 2599 extra
443 2541 578 2598 cimiteria
618 2537 744 2596 fidelium
783 2536 965 2612 sepeliuntur.
1019 2535 1093 2596 Cum
1123 2544 1224 2598 antem

185 2628 355 2703 obsequium
382 2626 546 2702 praedictae
575 2627 678 2684 missae
699 2623 828 2684 Waltero
856 2625 997 2699 potuisset
1018 2641 1082 2684 essa
1103 2627 1224 2684 merito-

186 2719 258 2774 rium
280 2717 357 2775 vitae
372 2719 513 2787 aetemae,
527 2714 551 2771 si
567 2712 675 2771 iactum
695 2711 795 2770 fuisset
814 2713 844 2768 in
855 2712 981 2786 caritate,
1002 2728 1078 2771 nunc
1093 2713 1224 2773 transivit

184 2806 212 2862 in
234 2800 395 2863 mercedem
416 2798 613 2874 temporalem.
659 2796 755 2874 Opera
776 2799 852 2857 euim
872 2798 963 2872 bona,
990 2796 1020 2856 id
1042 2803 1086 2857 est
1106 2797 1143 2860 de
1164 2817 1222 2876 ge-

185 2907 252 2948 nere
284 2889 439 2964 bonorum,
474 2885 667 2962 temporaliter
697 2880 950 2964 remunerantur2).
1003 2883 1101 2944 Homo
1134 2888 1225 2947 etiarn

184 2993 236 3052 per
256 2974 319 3050 illa,
349 2983 381 3036 ut
409 2973 526 3052 ¹quidam
548 2990 583 3032 ex
605 2973 750 3047 seripturis
771 2972 908 3048 probant,
929 2970 1055 3030 habilem
1076 2989 1108 3031 se
1129 2972 1226 3034 reddit

185 3063 222 3122 ud
243 3065 364 3138 gratiam
385 3059 594 3136 suscipiendam
602 3055 632 3139 ³).
675 3057 740 3118 Hoo
762 3075 862 3118 verum
883 3075 954 3132 esse,
974 3075 1098 3134 sequens
1118 3060 1225 3135 probat

185 3148 419 3226 exemplum-
443 3145 545 3228 dume)
578 3146 633 3206 alio
667 3144 793 3221 quodam
825 3152 952 3220 ternpore
984 3144 1127 3206 nundinas
1158 3147 1224 3208 illas

185 3235 359 3296 execrabiles
381 3240 529 3310 quaereret
537 3230 566 3314 ⁵),
588 3239 617 3292 et
631 3235 705 3292 inter
725 3232 831 3292 multos
849 3238 929 3291 stans
948 3231 1050 3292 milites
1061 3226 1083 3311 ⁶)
1105 3235 1224 3296 missam

204 3337 233 3403 1)
250 3335 297 3399 lX,
315 3334 362 3385 23:
387 3342 475 3399 ,estne
493 3333 539 3384 tibi
557 3331 639 3384 adhuc
656 3331 810 3384 satisfactum
829 3339 867 3384 tot
885 3339 911 3382 et
929 3331 1005 3382 tantis
1022 3330 1169 3398 exemplis.“
1190 3364 1221 3375 -

253 3406 285 3472 2)
303 3402 392 3455 llomil.
411 3404 429 3455 l.
448 3420 473 3471 p.
492 3403 553 3454 152:
574 3400 677 3467 „llelius
695 3410 734 3454 est
751 3417 853 3452 monera
871 3402 896 3452 in
914 3402 1028 3464 caritate,
1045 3409 1071 3452 et
1089 3401 1224 3456 venialiter

253 3489 459 3543 percara-quam
471 3473 525 3522 siue
538 3473 641 3522 caritate
659 3487 737 3538 opera
754 3469 830 3528 bona,
848 3469 873 3521 id
891 3477 931 3520 est
948 3469 980 3521 de
993 3485 1087 3538 genera
1097 3469 1222 3526 bonorum

252 3545 366 3596 actitare.
403 3543 473 3593 Bona
491 3548 594 3607 propter
611 3549 704 3592 statum
722 3555 779 3592 esse
796 3548 938 3608 nequeunt,
956 3541 1014 3608 quia
1031 3548 1136 3592 aeterna
1152 3557 1223 3596 mer·

252 3612 426 3664 dedecerent.
461 3611 570 3662 Meretur
587 3611 608 3660 is
626 3619 711 3660 tamen
728 3610 830 3677 aliquod
847 3609 999 3674 temporale,
1024 3617 1051 3660 ut
1069 3619 1129 3661 sunt
1154 3611 1222 3667 divi-

253 3684 318 3744 tiae,
345 3678 448 3746 pulchra
472 3677 556 3745 proles
564 3707 580 3742 ,·
593 3680 620 3728 in
641 3677 707 3728 bello
731 3681 866 3738 victoriae,
888 3685 914 3726 et
937 3678 962 3726 in
986 3677 1071 3729 futuro
1096 3681 1221 3747 mitigatio

254 3753 373 3820 poenae.“
393 3779 426 3790 -
444 3749 475 3814 3)
495 3747 514 3798 Β
532 3745 760 3813 recipiendam.
781 3777 810 3788 -
836 3746 868 3811 4)
886 3743 906 3795 Β
924 3742 1001 3797 dura.
1023 3773 1053 3785 -
1073 3749 1106 3814 5)
1125 3748 1145 3800 B
1170 3768 1222 3804 ex.

254 3823 406 3890 quireret.
426 3848 447 3860 -
479 3816 510 3884 6)
528 3815 651 3868 milites
669 3815 718 3866 add
738 3815 765 3867 B.
