<?xml version="1.0" encoding="UTF-8"?>
<!DOCTYPE html PUBLIC "-//W3C//DTD XHTML 1.0 Transitional//EN"
    "http://www.w3.org/TR/xhtml1/DTD/xhtml1-transitional.dtd">
<html xmlns="http://www.w3.org/1999/xhtml" xml:lang="en" lang="en">
 <head>
  <title>
</title>
<meta http-equiv="Content-Type" content="text/html;charset=utf-8" />
  <meta name='ocr-system' content='tesseract 3.04.00' />
  <meta name='ocr-capabilities' content='ocr_page ocr_carea ocr_par ocr_line ocrx_word'/>
</head>
<body>
  <div class='ocr_page' id='page_1' title='image "./caesariiheister02stragoog_0156.png"; bbox 0 0 2512 4254; ppageno 0'>
   <div class='ocr_carea' id='block_1_1' title="bbox 290 215 1075 312">
    <p class='ocr_par' dir='ltr' id='par_1_1' title="bbox 290 215 1075 312">
     <span class='ocr_line' id='line_1_1' title="bbox 290 215 1075 312; baseline -0.01 0"><span class='ocrx_word' id='word_1_1' title='bbox 290 235 550 312; x_wconf 72' lang='lat' dir='ltr'><strong>DuD&#39;ivERfflS</strong></span> <span class='ocrx_word' id='word_1_2' title='bbox 570 215 806 310; x_wconf 82' lang='lat' dir='ltr'><strong>vrsronrens.</strong></span> <span class='ocrx_word' id='word_1_3' title='bbox 1016 245 1075 304; x_wconf 75' lang='lat' dir='ltr'><strong>roc</strong></span> 
     </span>
    </p>
   </div>
   <div class='ocr_carea' id='block_1_2' title="bbox 61 365 1082 1409">
    <p class='ocr_par' dir='ltr' id='par_1_2' title="bbox 61 365 1082 1409">
     <span class='ocr_line' id='line_1_2' title="bbox 62 365 1080 453; baseline -0.01 -15"><span class='ocrx_word' id='word_1_4' title='bbox 62 377 148 453; x_wconf 85' lang='lat' dir='ltr'><strong>edidit,</strong></span> <span class='ocrx_word' id='word_1_5' title='bbox 176 393 212 436; x_wconf 94' lang='lat' dir='ltr'><strong>nc</strong></span> <span class='ocrx_word' id='word_1_6' title='bbox 234 376 401 451; x_wconf 81' lang='lat' dir='ltr'><strong>parientem</strong></span> <span class='ocrx_word' id='word_1_7' title='bbox 429 373 512 449; x_wconf 90' lang='lat' dir='ltr'><strong>qnasi</strong></span> <span class='ocrx_word' id='word_1_8' title='bbox 544 369 717 443; x_wconf 85' lang='lat' dir='ltr'><strong>attenderet,</strong></span> <span class='ocrx_word' id='word_1_9' title='bbox 746 367 854 428; x_wconf 74' lang='lat' dir='ltr'><strong>cuncis</strong></span> <span class='ocrx_word' id='word_1_10' title='bbox 883 369 933 442; x_wconf 89' lang='lat' dir='ltr'><strong>qui</strong></span> <span class='ocrx_word' id='word_1_11' title='bbox 959 365 1080 428; x_wconf 85' lang='lat' dir='ltr'><strong>aderent</strong></span> 
     </span>
     <span class='ocr_line' id='line_1_3' title="bbox 61 454 1079 534; baseline -0.011 -9"><span class='ocrx_word' id='word_1_12' title='bbox 61 465 215 525; x_wconf 82' lang='lat' dir='ltr'><strong>iniucnn&#39;tus</strong></span> <span class='ocrx_word' id='word_1_13' title='bbox 246 460 346 521; x_wconf 84' lang='lat' dir='ltr'><strong>tabula</strong></span> <span class='ocrx_word' id='word_1_14' title='bbox 377 477 409 519; x_wconf 86' lang='lat' dir='ltr'><strong>se</strong></span> <span class='ocrx_word' id='word_1_15' title='bbox 439 461 534 520; x_wconf 81' lang='lat' dir='ltr'><strong>vertit</strong></span> <span class='ocrx_word' id='word_1_16' title='bbox 582 457 636 516; x_wconf 81' lang='lat' dir='ltr'><strong>Est</strong></span> <span class='ocrx_word' id='word_1_17' title='bbox 664 462 761 516; x_wconf 87' lang='lat' dir='ltr'><strong>autem</strong></span> <span class='ocrx_word' id='word_1_18' title='bbox 789 454 916 514; x_wconf 83' lang='lat' dir='ltr'><strong>eiusdem</strong></span> <span class='ocrx_word' id='word_1_19' title='bbox 945 455 1079 534; x_wconf 73' lang='lat' dir='ltr'><strong>imaginis</strong></span> 
     </span>
     <span class='ocr_line' id='line_1_4' title="bbox 61 542 1077 626; baseline -0.01 -14"><span class='ocrx_word' id='word_1_20' title='bbox 61 553 133 613; x_wconf 76' lang='lat' dir='ltr'><strong>ierim</strong></span> <span class='ocrx_word' id='word_1_21' title='bbox 151 551 281 626; x_wconf 84' lang='lat' dir='ltr'><strong>oblonga,</strong></span> <span class='ocrx_word' id='word_1_22' title='bbox 303 555 333 608; x_wconf 89' lang='lat' dir='ltr'><strong>ct</strong></span> <span class='ocrx_word' id='word_1_23' title='bbox 354 563 448 622; x_wconf 84' lang='lat' dir='ltr'><strong>exesa,</strong></span> <span class='ocrx_word' id='word_1_24' title='bbox 467 545 576 604; x_wconf 85' lang='lat' dir='ltr'><strong>multae</strong></span> <span class='ocrx_word' id='word_1_25' title='bbox 596 545 745 622; x_wconf 58' lang='lat' dir='ltr'><strong>parietis</strong></span> <span class='ocrx_word' id='word_1_26' title='bbox 767 547 796 601; x_wconf 89' lang='lat' dir='ltr'><strong>et</strong></span> <span class='ocrx_word' id='word_1_27' title='bbox 816 543 999 601; x_wconf 88' lang='lat' dir='ltr'><strong>reverentiae.</strong></span> <span class='ocrx_word' id='word_1_28' title='bbox 1041 542 1077 602; x_wconf 90' lang='lat' dir='ltr'><strong>Iu</strong></span> 
     </span>
     <span class='ocr_line' id='line_1_5' title="bbox 62 627 1078 711; baseline -0.011 -12"><span class='ocrx_word' id='word_1_29' title='bbox 62 639 138 700; x_wconf 80' lang='lat' dir='ltr'><strong>ironic</strong></span> <span class='ocrx_word' id='word_1_30' title='bbox 157 637 294 711; x_wconf 72' lang='lat' dir='ltr'><strong>calvities,</strong></span> <span class='ocrx_word' id='word_1_31' title='bbox 313 633 408 711; x_wconf 86' lang='lat' dir='ltr'><strong>capilli</strong></span> <span class='ocrx_word' id='word_1_32' title='bbox 427 642 488 694; x_wconf 86' lang='lat' dir='ltr'><strong>tam</strong></span> <span class='ocrx_word' id='word_1_33' title='bbox 502 633 601 708; x_wconf 87' lang='lat' dir='ltr'><strong>eapitis</strong></span> <span class='ocrx_word' id='word_1_34' title='bbox 612 649 700 708; x_wconf 87' lang='lat' dir='ltr'><strong>qnam</strong></span> <span class='ocrx_word' id='word_1_35' title='bbox 721 630 829 689; x_wconf 81' lang='lat' dir='ltr'><strong>barbae</strong></span> <span class='ocrx_word' id='word_1_36' title='bbox 847 627 986 688; x_wconf 88' lang='lat' dir='ltr'><strong>candidae</strong></span> <span class='ocrx_word' id='word_1_37' title='bbox 997 632 1078 689; x_wconf 86' lang='lat' dir='ltr'><strong>cani-</strong></span> 
     </span>
     <span class='ocr_line' id='line_1_6' title="bbox 62 714 1079 802; baseline -0.01 -16"><span class='ocrx_word' id='word_1_38' title='bbox 62 729 107 786; x_wconf 84' lang='lat' dir='ltr'><strong>tiei</strong></span> <span class='ocrx_word' id='word_1_39' title='bbox 134 725 229 802; x_wconf 80' lang='lat' dir='ltr'>Nuper</span> <span class='ocrx_word' id='word_1_40' title='bbox 248 740 319 782; x_wconf 86' lang='lat' dir='ltr'><strong>vcro</strong></span> <span class='ocrx_word' id='word_1_41' title='bbox 340 721 487 782; x_wconf 87' lang='lat' dir='ltr'><strong>monachis</strong></span> <span class='ocrx_word' id='word_1_42' title='bbox 501 719 667 779; x_wconf 81' lang='lat' dir='ltr'><strong>cedentibus</strong></span> <span class='ocrx_word' id='word_1_43' title='bbox 681 714 708 798; x_wconf 84' lang='lat'><strong>¹),</strong></span> <span class='ocrx_word' id='word_1_44' title='bbox 729 714 959 776; x_wconf 80' lang='lat' dir='ltr'><strong>sanctimoniales</strong></span> <span class='ocrx_word' id='word_1_45' title='bbox 974 715 1079 776; x_wconf 85' lang='lat' dir='ltr'><strong>ordinis</strong></span> 
     </span>
     <span class='ocr_line' id='line_1_7' title="bbox 62 801 1079 881; baseline -0.011 -8"><span class='ocrx_word' id='word_1_46' title='bbox 62 816 135 872; x_wconf 80' lang='lat' dir='ltr'><strong>nostri</strong></span> <span class='ocrx_word' id='word_1_47' title='bbox 154 829 218 873; x_wconf 80' lang='lat' dir='ltr'><strong>nnn</strong></span> <span class='ocrx_word' id='word_1_48' title='bbox 238 809 454 878; x_wconf 84' lang='lat' dir='ltr'><strong>tabulalocum</strong></span> <span class='ocrx_word' id='word_1_49' title='bbox 475 809 652 881; x_wconf 86' lang='lat' dir='ltr'><strong>receperunt.</strong></span> <span class='ocrx_word' id='word_1_50' title='bbox 694 802 897 863; x_wconf 82' lang='lat' dir='ltr'>NOVICIUS:</span> <span class='ocrx_word' id='word_1_51' title='bbox 927 801 1003 861; x_wconf 85' lang='lat' dir='ltr'><strong>Satis</strong></span> <span class='ocrx_word' id='word_1_52' title='bbox 1032 819 1079 862; x_wconf 90' lang='lat' dir='ltr'><strong>mc</strong></span> 
     </span>
     <span class='ocr_line' id='line_1_8' title="bbox 62 886 1080 966; baseline -0.012 -6"><span class='ocrx_word' id='word_1_53' title='bbox 62 899 175 961; x_wconf 86' lang='lat' dir='ltr'><strong>acdificat</strong></span> <span class='ocrx_word' id='word_1_54' title='bbox 193 897 339 958; x_wconf 70' lang='lat' dir='ltr'><strong>humilitas</strong></span> <span class='ocrx_word' id='word_1_55' title='bbox 358 897 437 956; x_wconf 90' lang='lat' dir='ltr'><strong>beati</strong></span> <span class='ocrx_word' id='word_1_56' title='bbox 457 893 541 953; x_wconf 91' lang='lat' dir='ltr'><strong>huius</strong></span> <span class='ocrx_word' id='word_1_57' title='bbox 564 892 740 966; x_wconf 82' lang='lat' dir='ltr'><strong>confessoris,</strong></span> <span class='ocrx_word' id='word_1_58' title='bbox 762 891 811 966; x_wconf 89' lang='lat' dir='ltr'><strong>qni</strong></span> <span class='ocrx_word' id='word_1_59' title='bbox 833 907 864 950; x_wconf 91' lang='lat' dir='ltr'><strong>sc</strong></span> <span class='ocrx_word' id='word_1_60' title='bbox 885 886 1015 964; x_wconf 81' lang='lat' dir='ltr'><strong>superius</strong></span> <span class='ocrx_word' id='word_1_61' title='bbox 1037 891 1080 948; x_wconf 89' lang='lat' dir='ltr'><strong>ci·</strong></span> 
     </span>
     <span class='ocr_line' id='line_1_9' title="bbox 61 973 1078 1063; baseline -0.011 -16"><span class='ocrx_word' id='word_1_62' title='bbox 61 989 145 1048; x_wconf 88' lang='lat' dir='ltr'><strong>batum</strong></span> <span class='ocrx_word' id='word_1_63' title='bbox 178 987 315 1063; x_wconf 76' lang='lat' dir='ltr'><strong>gloriatur</strong></span> <span class='ocrx_word' id='word_1_64' title='bbox 341 985 371 1041; x_wconf 91' lang='lat' dir='ltr'><strong>in</strong></span> <span class='ocrx_word' id='word_1_65' title='bbox 398 999 473 1058; x_wconf 88' lang='lat' dir='ltr'><strong>panc</strong></span> <span class='ocrx_word' id='word_1_66' title='bbox 501 982 633 1056; x_wconf 86' lang='lat' dir='ltr'><strong>pauperis</strong></span> <span class='ocrx_word' id='word_1_67' title='bbox 660 981 791 1053; x_wconf 88' lang='lat' dir='ltr'><strong>pastoris.</strong></span> <span class='ocrx_word' id='word_1_68' title='bbox 844 973 1078 1036; x_wconf 81' lang='lat' dir='ltr'><strong>MONAOHUS:</strong></span> 
     </span>
     <span class='ocr_line' id='line_1_10' title="bbox 61 1065 1082 1152; baseline -0.013 -17"><span class='ocrx_word' id='word_1_69' title='bbox 61 1073 119 1152; x_wconf 86' lang='lat' dir='ltr'><strong>Quis</strong></span> <span class='ocrx_word' id='word_1_70' title='bbox 136 1078 225 1134; x_wconf 91' lang='lat' dir='ltr'><strong>maior</strong></span> <span class='ocrx_word' id='word_1_71' title='bbox 247 1071 359 1132; x_wconf 88' lang='lat' dir='ltr'><strong>Christo</strong></span> <span class='ocrx_word' id='word_1_72' title='bbox 381 1071 430 1146; x_wconf 91' lang='lat' dir='ltr'><strong>qni</strong></span> <span class='ocrx_word' id='word_1_73' title='bbox 458 1071 487 1127; x_wconf 90' lang='lat' dir='ltr'><strong>in</strong></span> <span class='ocrx_word' id='word_1_74' title='bbox 507 1067 613 1126; x_wconf 90' lang='lat' dir='ltr'><strong>iudicio</strong></span> <span class='ocrx_word' id='word_1_75' title='bbox 641 1066 767 1124; x_wconf 86' lang='lat' dir='ltr'><strong>dictnnrs</strong></span> <span class='ocrx_word' id='word_1_76' title='bbox 796 1071 852 1124; x_wconf 89' lang='lat' dir='ltr'><strong>cst:</strong></span> <span class='ocrx_word' id='word_1_77' title='bbox 886 1065 1022 1137; x_wconf 71' lang='grc' dir='ltr'><strong>Ειιιήυί,</strong></span> <span class='ocrx_word' id='word_1_78' title='bbox 1054 1071 1082 1122; x_wconf 86' lang='lat' dir='ltr'><strong>ct</strong></span> 
     </span>
     <span class='ocr_line' id='line_1_11' title="bbox 61 1150 1081 1229; baseline -0.01 -9"><span class='ocrx_word' id='word_1_79' title='bbox 61 1163 161 1224; x_wconf 76' lang='lat' dir='ltr'><strong>notorio</strong></span> <span class='ocrx_word' id='word_1_80' title='bbox 180 1162 252 1221; x_wconf 76' lang='lat' dir='ltr'><strong>mihi</strong></span> <span class='ocrx_word' id='word_1_81' title='bbox 273 1151 513 1226; x_wconf 80' lang='lat' dir='ltr'><strong>manducuce²)?</strong></span> <span class='ocrx_word' id='word_1_82' title='bbox 554 1153 666 1213; x_wconf 86' lang='lat' dir='ltr'><strong>Nullus.</strong></span> <span class='ocrx_word' id='word_1_83' title='bbox 710 1153 856 1229; x_wconf 86' lang='lat' dir='ltr'><strong>Quantum</strong></span> <span class='ocrx_word' id='word_1_84' title='bbox 876 1169 945 1211; x_wconf 75' lang='lat' dir='ltr'><strong>vero</strong></span> <span class='ocrx_word' id='word_1_85' title='bbox 969 1150 1081 1210; x_wconf 86' lang='lat' dir='ltr'><strong>Christo</strong></span> 
     </span>
     <span class='ocr_line' id='line_1_12' title="bbox 61 1238 1080 1325; baseline -0.01 -17"><span class='ocrx_word' id='word_1_86' title='bbox 61 1251 162 1325; x_wconf 87' lang='lat' dir='ltr'><strong>eiusque</strong></span> <span class='ocrx_word' id='word_1_87' title='bbox 188 1249 281 1308; x_wconf 88' lang='lat' dir='ltr'><strong>beatis</strong></span> <span class='ocrx_word' id='word_1_88' title='bbox 312 1243 521 1304; x_wconf 80' lang='lat' dir='ltr'><strong>confessoribus</strong></span> <span class='ocrx_word' id='word_1_89' title='bbox 551 1240 733 1316; x_wconf 77' lang='lat' dir='ltr'><strong>eleemosyna</strong></span> <span class='ocrx_word' id='word_1_90' title='bbox 761 1239 889 1315; x_wconf 85' lang='lat' dir='ltr'><strong>placeat,</strong></span> <span class='ocrx_word' id='word_1_91' title='bbox 924 1238 972 1298; x_wconf 88' lang='lat' dir='ltr'><strong>vel</strong></span> <span class='ocrx_word' id='word_1_92' title='bbox 994 1256 1080 1314; x_wconf 87' lang='lat' dir='ltr'><strong>quarn</strong></span> 
     </span>
     <span class='ocr_line' id='line_1_13' title="bbox 63 1326 1080 1409; baseline -0.008 -15"><span class='ocrx_word' id='word_1_93' title='bbox 63 1335 172 1396; x_wconf 79' lang='lat' dir='ltr'><strong>valenter</strong></span> <span class='ocrx_word' id='word_1_94' title='bbox 190 1335 236 1396; x_wconf 87' lang='lat' dir='ltr'><strong>iris</strong></span> <span class='ocrx_word' id='word_1_95' title='bbox 258 1329 540 1409; x_wconf 70' lang='lat' dir='ltr'><strong>querimoniam,</strong></span> <span class='ocrx_word' id='word_1_96' title='bbox 571 1329 602 1386; x_wconf 91' lang='lat' dir='ltr'><strong>in</strong></span> <span class='ocrx_word' id='word_1_97' title='bbox 622 1326 755 1402; x_wconf 85' lang='lat' dir='ltr'><strong>perieulis</strong></span> <span class='ocrx_word' id='word_1_98' title='bbox 777 1333 951 1402; x_wconf 86' lang='lat' dir='ltr'><strong>succurrant,</strong></span> <span class='ocrx_word' id='word_1_99' title='bbox 974 1343 1009 1385; x_wconf 87' lang='lat' dir='ltr'><strong>cx</strong></span> <span class='ocrx_word' id='word_1_100' title='bbox 1031 1343 1080 1386; x_wconf 90' lang='lat' dir='ltr'><strong>sc·</strong></span> 
     </span>
    </p>
   </div>
   <div class='ocr_carea' id='block_1_3' title="bbox 63 1417 542 1498">
    <p class='ocr_par' dir='ltr' id='par_1_3' title="bbox 63 1417 542 1498">
     <span class='ocr_line' id='line_1_14' title="bbox 63 1417 542 1498; baseline -0.019 -15"><span class='ocrx_word' id='word_1_101' title='bbox 63 1425 145 1498; x_wconf 85' lang='lat' dir='ltr'><strong>quenti</strong></span> <span class='ocrx_word' id='word_1_102' title='bbox 166 1425 273 1484; x_wconf 84' lang='lat' dir='ltr'><strong>visione</strong></span> <span class='ocrx_word' id='word_1_103' title='bbox 295 1417 542 1479; x_wconf 87' lang='lat' dir='ltr'><strong>demonstrabitur.</strong></span> 
     </span>
    </p>
   </div>
   <div class='ocr_carea' id='block_1_4' title="bbox 354 1567 773 1633">
    <p class='ocr_par' dir='ltr' id='par_1_4' title="bbox 354 1567 773 1633">
     <span class='ocr_line' id='line_1_15' title="bbox 354 1567 773 1633; baseline -0.014 0"><span class='ocrx_word' id='word_1_104' title='bbox 354 1567 587 1633; x_wconf 81' lang='lat' dir='ltr'>CAPITULUM</span> <span class='ocrx_word' id='word_1_105' title='bbox 612 1569 773 1628; x_wconf 88' lang='lat' dir='ltr'>LXXVII.</span> 
     </span>
    </p>
   </div>
   <div class='ocr_carea' id='block_1_5' title="bbox 81 1691 1060 1844">
    <p class='ocr_par' dir='ltr' id='par_1_5' title="bbox 81 1691 1060 1844">
     <span class='ocr_line' id='line_1_16' title="bbox 81 1691 1060 1776; baseline -0.007 -17"><span class='ocrx_word' id='word_1_106' title='bbox 81 1699 120 1758; x_wconf 87' lang='lat' dir='ltr'><strong>De</strong></span> <span class='ocrx_word' id='word_1_107' title='bbox 137 1703 276 1776; x_wconf 72' lang='lat' dir='ltr'><strong>mapinius</strong></span> <span class='ocrx_word' id='word_1_108' title='bbox 296 1697 437 1756; x_wconf 77' lang='lat' dir='ltr'><strong>Jotoooc</strong></span> <span class='ocrx_word' id='word_1_109' title='bbox 459 1697 508 1753; x_wconf 86' lang='lat' dir='ltr'><strong>ouo&#39;</strong></span> <span class='ocrx_word' id='word_1_110' title='bbox 527 1693 691 1769; x_wconf 63' lang='lat' dir='ltr'><strong>intimanti</strong></span> <span class='ocrx_word' id='word_1_111' title='bbox 711 1698 831 1752; x_wconf 80' lang='lat' dir='ltr'><strong>sauctus</strong></span> <span class='ocrx_word' id='word_1_112' title='bbox 852 1691 1004 1752; x_wconf 76' lang='lat' dir='ltr'><strong>Martinus</strong></span> <span class='ocrx_word' id='word_1_113' title='bbox 1033 1702 1060 1752; x_wconf 85' lang='lat' dir='ltr'><strong>et</strong></span> 
     </span>
     <span class='ocr_line' id='line_1_17' title="bbox 172 1779 854 1844; baseline -0.013 1"><span class='ocrx_word' id='word_1_114' title='bbox 172 1805 182 1838; x_wconf 82' lang='lat' dir='ltr'><strong>r</strong></span> <span class='ocrx_word' id='word_1_115' title='bbox 272 1790 392 1844; x_wconf 78' lang='lat' dir='ltr'><strong>conotus</strong></span> <span class='ocrx_word' id='word_1_116' title='bbox 414 1779 608 1842; x_wconf 76' lang='lat' dir='ltr'><strong>Godeltnndue</strong></span> <span class='ocrx_word' id='word_1_117' title='bbox 635 1785 854 1838; x_wconf 73' lang='lat' dir='ltr'><strong>succurrerunt.</strong></span> 
     </span>
    </p>
   </div>
   <div class='ocr_carea' id='block_1_6' title="bbox 61 1899 1102 3722">
    <p class='ocr_par' dir='ltr' id='par_1_6' title="bbox 61 1899 1102 3722">
     <span class='ocr_line' id='line_1_18' title="bbox 115 1899 1084 1983; baseline -0.004 -16"><span class='ocrx_word' id='word_1_118' title='bbox 115 1905 246 1983; x_wconf 78' lang='lat' dir='ltr'><strong>Magister</strong></span> <span class='ocrx_word' id='word_1_119' title='bbox 259 1904 409 1966; x_wconf 70' lang='lat' dir='ltr'><strong>iohannes</strong></span> <span class='ocrx_word' id='word_1_120' title='bbox 427 1903 567 1962; x_wconf 87' lang='lat' dir='ltr'><strong>Decanus</strong></span> <span class='ocrx_word' id='word_1_121' title='bbox 586 1899 733 1976; x_wconf 84' lang='lat' dir='ltr'><strong>Aquensis</strong></span> <span class='ocrx_word' id='word_1_122' title='bbox 753 1918 819 1961; x_wconf 90' lang='lat' dir='ltr'><strong>oum</strong></span> <span class='ocrx_word' id='word_1_123' title='bbox 840 1900 978 1962; x_wconf 85' lang='lat' dir='ltr'><strong>scholaris</strong></span> <span class='ocrx_word' id='word_1_124' title='bbox 1000 1914 1084 1982; x_wconf 88' lang='lat' dir='ltr'><strong>essct,</strong></span> 
     </span>
     <span class='ocr_line' id='line_1_19' title="bbox 65 1988 1084 2071; baseline -0.002 -17"><span class='ocrx_word' id='word_1_125' title='bbox 65 2001 112 2054; x_wconf 88' lang='lat' dir='ltr'><strong>tam</strong></span> <span class='ocrx_word' id='word_1_126' title='bbox 129 1997 249 2071; x_wconf 81' lang='lat' dir='ltr'><strong>grauiter</strong></span> <span class='ocrx_word' id='word_1_127' title='bbox 268 1999 397 2071; x_wconf 88' lang='lat' dir='ltr'><strong>tempore</strong></span> <span class='ocrx_word' id='word_1_128' title='bbox 419 1989 544 2066; x_wconf 89' lang='lat' dir='ltr'><strong>quodam</strong></span> <span class='ocrx_word' id='word_1_129' title='bbox 564 1988 722 2046; x_wconf 89' lang='lat' dir='ltr'><strong>infirmatus</strong></span> <span class='ocrx_word' id='word_1_130' title='bbox 744 1995 802 2062; x_wconf 85' lang='lat' dir='ltr'><strong>cst,</strong></span> <span class='ocrx_word' id='word_1_131' title='bbox 832 1996 864 2048; x_wconf 89' lang='lat' dir='ltr'><strong>ut</strong></span> <span class='ocrx_word' id='word_1_132' title='bbox 886 1990 1032 2056; x_wconf 83' lang='lat' dir='ltr'><strong>confessus</strong></span> <span class='ocrx_word' id='word_1_133' title='bbox 1055 1999 1084 2054; x_wconf 91' lang='lat' dir='ltr'><strong>et</strong></span> 
     </span>
     <span class='ocr_line' id='line_1_20' title="bbox 64 2074 1083 2158; baseline 0.001 -18"><span class='ocrx_word' id='word_1_134' title='bbox 64 2079 191 2158; x_wconf 87' lang='lat' dir='ltr'><strong>inunctus,</strong></span> <span class='ocrx_word' id='word_1_135' title='bbox 217 2079 289 2140; x_wconf 90' lang='lat' dir='ltr'><strong>nihil</strong></span> <span class='ocrx_word' id='word_1_136' title='bbox 317 2081 344 2138; x_wconf 91' lang='lat' dir='ltr'><strong>ei</strong></span> <span class='ocrx_word' id='word_1_137' title='bbox 370 2079 426 2138; x_wconf 87' lang='lat' dir='ltr'><strong>nisi</strong></span> <span class='ocrx_word' id='word_1_138' title='bbox 453 2094 531 2138; x_wconf 90' lang='lat' dir='ltr'><strong>mors</strong></span> <span class='ocrx_word' id='word_1_139' title='bbox 559 2091 708 2152; x_wconf 86' lang='lat' dir='ltr'><strong>superesse</strong></span> <span class='ocrx_word' id='word_1_140' title='bbox 737 2074 890 2136; x_wconf 87' lang='lat' dir='ltr'><strong>videretur.</strong></span> <span class='ocrx_word' id='word_1_141' title='bbox 933 2076 987 2137; x_wconf 73' lang='lat' dir='ltr'><strong>(lui</strong></span> <span class='ocrx_word' id='word_1_142' title='bbox 1017 2096 1083 2142; x_wconf 86' lang='lat' dir='ltr'><strong>cunr</strong></span> 
     </span>
     <span class='ocr_line' id='line_1_21' title="bbox 64 2161 1081 2243; baseline -0.001 -15"><span class='ocrx_word' id='word_1_143' title='bbox 64 2171 166 2229; x_wconf 85' lang='lat' dir='ltr'><strong>natcria</strong></span> <span class='ocrx_word' id='word_1_144' title='bbox 190 2173 274 2243; x_wconf 87' lang='lat' dir='ltr'><strong>rapta</strong></span> <span class='ocrx_word' id='word_1_145' title='bbox 302 2172 377 2226; x_wconf 89' lang='lat' dir='ltr'><strong>esset</strong></span> <span class='ocrx_word' id='word_1_146' title='bbox 403 2167 433 2226; x_wconf 92' lang='lat' dir='ltr'><strong>in</strong></span> <span class='ocrx_word' id='word_1_147' title='bbox 455 2163 618 2237; x_wconf 80' lang='lat' dir='ltr'><strong>cerebrum,</strong></span> <span class='ocrx_word' id='word_1_148' title='bbox 648 2161 727 2222; x_wconf 85' lang='lat' dir='ltr'><strong>solus</strong></span> <span class='ocrx_word' id='word_1_149' title='bbox 755 2164 852 2223; x_wconf 89' lang='lat' dir='ltr'><strong>iacens</strong></span> <span class='ocrx_word' id='word_1_150' title='bbox 879 2167 910 2224; x_wconf 88' lang='lat' dir='ltr'><strong>in</strong></span> <span class='ocrx_word' id='word_1_151' title='bbox 931 2182 1081 2228; x_wconf 84' lang='lat' dir='ltr'><strong>excessum</strong></span> 
     </span>
     <span class='ocr_line' id='line_1_22' title="bbox 64 2251 1081 2330; baseline 0.002 -18"><span class='ocrx_word' id='word_1_152' title='bbox 64 2258 140 2330; x_wconf 84' lang='lat' dir='ltr'><strong>venit,</strong></span> <span class='ocrx_word' id='word_1_153' title='bbox 169 2255 297 2330; x_wconf 74' lang='lat' dir='ltr'><strong>viditque</strong></span> <span class='ocrx_word' id='word_1_154' title='bbox 318 2252 449 2312; x_wconf 87' lang='lat' dir='ltr'><strong>homines</strong></span> <span class='ocrx_word' id='word_1_155' title='bbox 470 2252 525 2311; x_wconf 89' lang='lat' dir='ltr'><strong>sibi</strong></span> <span class='ocrx_word' id='word_1_156' title='bbox 544 2253 658 2326; x_wconf 85' lang='lat' dir='ltr'><strong>ignotos</strong></span> <span class='ocrx_word' id='word_1_157' title='bbox 679 2251 796 2324; x_wconf 87' lang='lat' dir='ltr'><strong>intrare,</strong></span> <span class='ocrx_word' id='word_1_158' title='bbox 819 2253 868 2326; x_wconf 90' lang='lat' dir='ltr'><strong>qni</strong></span> <span class='ocrx_word' id='word_1_159' title='bbox 888 2251 985 2312; x_wconf 88' lang='lat' dir='ltr'><strong>lances</strong></span> <span class='ocrx_word' id='word_1_160' title='bbox 1008 2271 1081 2329; x_wconf 89' lang='lat' dir='ltr'><strong>quas</strong></span> 
     </span>
     <span class='ocr_line' id='line_1_23' title="bbox 63 2336 1081 2418; baseline 0.003 -20"><span class='ocrx_word' id='word_1_161' title='bbox 63 2343 177 2404; x_wconf 84' lang='lat' dir='ltr'><strong>manibus</strong></span> <span class='ocrx_word' id='word_1_162' title='bbox 205 2340 374 2418; x_wconf 85' lang='lat' dir='ltr'><strong>portabant,</strong></span> <span class='ocrx_word' id='word_1_163' title='bbox 406 2357 473 2400; x_wconf 89' lang='lat' dir='ltr'><strong>cum</strong></span> <span class='ocrx_word' id='word_1_164' title='bbox 503 2338 586 2414; x_wconf 77' lang='lat' dir='ltr'><strong>lignis</strong></span> <span class='ocrx_word' id='word_1_165' title='bbox 618 2336 754 2396; x_wconf 84' lang='lat' dir='ltr'><strong>brevibus</strong></span> <span class='ocrx_word' id='word_1_166' title='bbox 787 2343 817 2396; x_wconf 88' lang='lat' dir='ltr'><strong>et</strong></span> <span class='ocrx_word' id='word_1_167' title='bbox 848 2338 994 2414; x_wconf 89' lang='lat' dir='ltr'><strong>quadratis</strong></span> <span class='ocrx_word' id='word_1_168' title='bbox 1014 2347 1081 2402; x_wconf 84' lang='lat' dir='ltr'><strong>ante</strong></span> 
     </span>
     <span class='ocr_line' id='line_1_24' title="bbox 61 2424 1081 2506; baseline 0.003 -22"><span class='ocrx_word' id='word_1_169' title='bbox 61 2429 140 2502; x_wconf 83' lang='lat' dir='ltr'><strong>ipsum</strong></span> <span class='ocrx_word' id='word_1_170' title='bbox 158 2429 312 2506; x_wconf 87' lang='lat' dir='ltr'><strong>ponebant</strong></span> <span class='ocrx_word' id='word_1_171' title='bbox 354 2427 504 2488; x_wconf 83' lang='lat' dir='ltr'><strong>Stantibus</strong></span> <span class='ocrx_word' id='word_1_172' title='bbox 525 2427 566 2486; x_wconf 90' lang='lat' dir='ltr'><strong>eis</strong></span> <span class='ocrx_word' id='word_1_173' title='bbox 589 2441 623 2484; x_wconf 88' lang='lat' dir='ltr'><strong>ex</strong></span> <span class='ocrx_word' id='word_1_174' title='bbox 644 2440 703 2482; x_wconf 87' lang='lat' dir='ltr'><strong>una</strong></span> <span class='ocrx_word' id='word_1_175' title='bbox 723 2429 804 2499; x_wconf 87' lang='lat' dir='ltr'><strong>parte</strong></span> <span class='ocrx_word' id='word_1_176' title='bbox 824 2424 929 2501; x_wconf 88' lang='lat' dir='ltr'><strong>lectuli,</strong></span> <span class='ocrx_word' id='word_1_177' title='bbox 951 2433 1081 2488; x_wconf 84' lang='lat' dir='ltr'><strong>contem-</strong></span> 
     </span>
     <span class='ocr_line' id='line_1_25' title="bbox 61 2510 1082 2588; baseline -0.003 -14"><span class='ocrx_word' id='word_1_178' title='bbox 61 2514 141 2588; x_wconf 83' lang='lat' dir='ltr'><strong>platus</strong></span> <span class='ocrx_word' id='word_1_179' title='bbox 169 2523 212 2576; x_wconf 90' lang='lat' dir='ltr'><strong>cst</strong></span> <span class='ocrx_word' id='word_1_180' title='bbox 231 2517 346 2574; x_wconf 90' lang='lat' dir='ltr'><strong>introire</strong></span> <span class='ocrx_word' id='word_1_181' title='bbox 367 2521 424 2574; x_wconf 90' lang='lat' dir='ltr'><strong>tres</strong></span> <span class='ocrx_word' id='word_1_182' title='bbox 442 2510 557 2571; x_wconf 87' lang='lat' dir='ltr'><strong>inclitos</strong></span> <span class='ocrx_word' id='word_1_183' title='bbox 579 2511 769 2584; x_wconf 86' lang='lat' dir='ltr'><strong>confessores,</strong></span> <span class='ocrx_word' id='word_1_184' title='bbox 797 2518 928 2576; x_wconf 88' lang='lat' dir='ltr'><strong>sanctum</strong></span> <span class='ocrx_word' id='word_1_185' title='bbox 948 2514 1082 2576; x_wconf 85' lang='lat' dir='ltr'><strong>videlicet</strong></span> 
     </span>
     <span class='ocr_line' id='line_1_26' title="bbox 61 2597 1080 2676; baseline -0.003 -14"><span class='ocrx_word' id='word_1_186' title='bbox 61 2597 198 2664; x_wconf 82' lang='lat' dir='ltr'><strong>Mortuum</strong></span> <span class='ocrx_word' id='word_1_187' title='bbox 209 2603 406 2662; x_wconf 83' lang='lat' dir='ltr'><strong>anoncnscm</strong></span> <span class='ocrx_word' id='word_1_188' title='bbox 415 2600 598 2676; x_wconf 86' lang='lat' dir='ltr'><strong>Episcopum,</strong></span> <span class='ocrx_word' id='word_1_189' title='bbox 613 2605 641 2658; x_wconf 91' lang='lat' dir='ltr'><strong>et</strong></span> <span class='ocrx_word' id='word_1_190' title='bbox 651 2604 782 2658; x_wconf 89' lang='lat' dir='ltr'><strong>sanctum</strong></span> <span class='ocrx_word' id='word_1_191' title='bbox 794 2597 999 2659; x_wconf 86' lang='lat' dir='ltr'><strong>Godchardum</strong></span> <span class='ocrx_word' id='word_1_192' title='bbox 1008 2601 1080 2676; x_wconf 85' lang='lat' dir='ltr'><strong>Epi-</strong></span> 
     </span>
     <span class='ocr_line' id='line_1_27' title="bbox 62 2684 1081 2766; baseline 0.002 -21"><span class='ocrx_word' id='word_1_193' title='bbox 62 2703 165 2766; x_wconf 83' lang='lat' dir='ltr'><strong>scopum</strong></span> <span class='ocrx_word' id='word_1_194' title='bbox 181 2689 467 2761; x_wconf 86' lang='lat' dir='ltr'><strong>Hildinshemcnsem,</strong></span> <span class='ocrx_word' id='word_1_195' title='bbox 487 2686 664 2760; x_wconf 89' lang='lat' dir='ltr'><strong>beatumque</strong></span> <span class='ocrx_word' id='word_1_196' title='bbox 677 2684 871 2761; x_wconf 87' lang='lat' dir='ltr'><strong>Bcrwardum,</strong></span> <span class='ocrx_word' id='word_1_197' title='bbox 894 2689 1027 2763; x_wconf 90' lang='lat' dir='ltr'><strong>quicum</strong></span> <span class='ocrx_word' id='word_1_198' title='bbox 1045 2705 1081 2747; x_wconf 86' lang='lat' dir='ltr'><strong>cx</strong></span> 
     </span>
     <span class='ocr_line' id='line_1_28' title="bbox 61 2771 1082 2850; baseline -0.003 -13"><span class='ocrx_word' id='word_1_199' title='bbox 61 2783 129 2850; x_wconf 84' lang='lat' dir='ltr'><strong>parte</strong></span> <span class='ocrx_word' id='word_1_200' title='bbox 138 2777 224 2836; x_wconf 86' lang='lat' dir='ltr'><strong>altera</strong></span> <span class='ocrx_word' id='word_1_201' title='bbox 246 2778 466 2837; x_wconf 87' lang='lat' dir='ltr'><strong>circumstetere.</strong></span> <span class='ocrx_word' id='word_1_202' title='bbox 501 2771 537 2831; x_wconf 94' lang='lat' dir='ltr'><strong>In</strong></span> <span class='ocrx_word' id='word_1_203' title='bbox 558 2789 680 2848; x_wconf 90' lang='lat' dir='ltr'><strong>quorum</strong></span> <span class='ocrx_word' id='word_1_204' title='bbox 701 2779 820 2848; x_wconf 88' lang='lat' dir='ltr'><strong>aspectu</strong></span> <span class='ocrx_word' id='word_1_205' title='bbox 841 2791 913 2848; x_wconf 88' lang='lat' dir='ltr'><strong>puer</strong></span> <span class='ocrx_word' id='word_1_206' title='bbox 931 2772 1082 2834; x_wconf 88' lang='lat' dir='ltr'><strong>Johanncs</strong></span> 
     </span>
     <span class='ocr_line' id='line_1_29' title="bbox 63 2857 1080 2940; baseline 0.004 -22"><span class='ocrx_word' id='word_1_207' title='bbox 63 2864 103 2920; x_wconf 90' lang='lat' dir='ltr'><strong>uni</strong></span> <span class='ocrx_word' id='word_1_208' title='bbox 120 2865 268 2940; x_wconf 89' lang='lat' dir='ltr'><strong>imponitur</strong></span> <span class='ocrx_word' id='word_1_209' title='bbox 287 2862 371 2938; x_wconf 84' lang='lat' dir='ltr'><strong>lanei,</strong></span> <span class='ocrx_word' id='word_1_210' title='bbox 393 2868 422 2921; x_wconf 92' lang='lat' dir='ltr'><strong>ct</strong></span> <span class='ocrx_word' id='word_1_211' title='bbox 442 2861 520 2937; x_wconf 82' lang='lat' dir='ltr'><strong>ligna</strong></span> <span class='ocrx_word' id='word_1_212' title='bbox 540 2859 611 2926; x_wconf 75' lang='lat' dir='ltr'><strong>loco,</strong></span> <span class='ocrx_word' id='word_1_213' title='bbox 632 2859 766 2936; x_wconf 88' lang='lat' dir='ltr'><strong>ponderis</strong></span> <span class='ocrx_word' id='word_1_214' title='bbox 787 2859 867 2919; x_wconf 86' lang='lat' dir='ltr'><strong>alteri</strong></span> <span class='ocrx_word' id='word_1_215' title='bbox 876 2857 906 2940; x_wconf 83' lang='lat'><strong>³).</strong></span> <span class='ocrx_word' id='word_1_216' title='bbox 950 2859 1080 2938; x_wconf 86' lang='lat' dir='ltr'><strong>Cumque</strong></span> 
     </span>
     <span class='ocr_line' id='line_1_30' title="bbox 64 2946 1102 3023; baseline 0.002 -17"><span class='ocrx_word' id='word_1_217' title='bbox 64 2947 161 3012; x_wconf 80' lang='lat' dir='ltr'><strong>aurata</strong></span> <span class='ocrx_word' id='word_1_218' title='bbox 186 2957 293 3012; x_wconf 77' lang='lat' dir='ltr'><strong>statera</strong></span> <span class='ocrx_word' id='word_1_219' title='bbox 319 2951 453 3009; x_wconf 85' lang='lat' dir='ltr'><strong>inventus</strong></span> <span class='ocrx_word' id='word_1_220' title='bbox 475 2953 551 3008; x_wconf 88' lang='lat' dir='ltr'><strong>esset</strong></span> <span class='ocrx_word' id='word_1_221' title='bbox 570 2964 656 3023; x_wconf 85' lang='lat' dir='ltr'><strong>aeger</strong></span> <span class='ocrx_word' id='word_1_222' title='bbox 676 2946 915 3020; x_wconf 73' lang='lat' dir='ltr'><strong>minucianus,</strong></span> <span class='ocrx_word' id='word_1_223' title='bbox 943 2948 1102 3023; x_wconf 86' lang='lat' dir='ltr'><strong>praedicti,</strong></span> 
     </span>
     <span class='ocr_line' id='line_1_31' title="bbox 65 3033 1080 3114; baseline 0 -20"><span class='ocrx_word' id='word_1_224' title='bbox 65 3037 220 3098; x_wconf 77' lang='lat' dir='ltr'><strong>consceres</strong></span> <span class='ocrx_word' id='word_1_225' title='bbox 240 3053 363 3114; x_wconf 87' lang='lat' dir='ltr'><strong>puerum</strong></span> <span class='ocrx_word' id='word_1_226' title='bbox 383 3034 535 3112; x_wconf 77' lang='lat' dir='ltr'><strong>parvulum</strong></span> <span class='ocrx_word' id='word_1_227' title='bbox 557 3039 585 3093; x_wconf 90' lang='lat' dir='ltr'><strong>et</strong></span> <span class='ocrx_word' id='word_1_228' title='bbox 612 3033 775 3100; x_wconf 83' lang='lat' dir='ltr'><strong>mendicum</strong></span> <span class='ocrx_word' id='word_1_229' title='bbox 799 3035 874 3094; x_wconf 86' lang='lat' dir='ltr'><strong>sinui</strong></span> <span class='ocrx_word' id='word_1_230' title='bbox 903 3036 964 3096; x_wconf 86' lang='lat' dir='ltr'><strong>aius</strong></span> <span class='ocrx_word' id='word_1_231' title='bbox 984 3037 1080 3112; x_wconf 87' lang='lat' dir='ltr'><strong>impo-</strong></span> 
     </span>
     <span class='ocr_line' id='line_1_32' title="bbox 65 3120 1081 3202; baseline -0.001 -17"><span class='ocrx_word' id='word_1_232' title='bbox 65 3129 172 3200; x_wconf 76' lang='lat' dir='ltr'><strong>nermo,</strong></span> <span class='ocrx_word' id='word_1_233' title='bbox 190 3127 239 3200; x_wconf 91' lang='lat' dir='ltr'><strong>qui</strong></span> <span class='ocrx_word' id='word_1_234' title='bbox 260 3123 344 3183; x_wconf 92' lang='lat' dir='ltr'><strong>simul</strong></span> <span class='ocrx_word' id='word_1_235' title='bbox 364 3122 476 3182; x_wconf 88' lang='lat' dir='ltr'><strong>lancem</strong></span> <span class='ocrx_word' id='word_1_236' title='bbox 497 3122 649 3182; x_wconf 87' lang='lat' dir='ltr'><strong>adversam</strong></span> <span class='ocrx_word' id='word_1_237' title='bbox 670 3138 737 3180; x_wconf 89' lang='lat' dir='ltr'><strong>mox</strong></span> <span class='ocrx_word' id='word_1_238' title='bbox 758 3120 974 3197; x_wconf 89' lang='lat' dir='ltr'><strong>suspendentes,</strong></span> <span class='ocrx_word' id='word_1_239' title='bbox 997 3122 1081 3202; x_wconf 78' lang='lat' dir='ltr'><strong>liguis</strong></span> 
     </span>
     <span class='ocr_line' id='line_1_33' title="bbox 64 3207 1080 3288; baseline 0.007 -20"><span class='ocrx_word' id='word_1_240' title='bbox 64 3212 191 3282; x_wconf 78' lang='lat' dir='ltr'><strong>graviores</strong></span> <span class='ocrx_word' id='word_1_241' title='bbox 208 3215 409 3288; x_wconf 81' lang='lat' dir='ltr'><strong>appamcrnnt</strong></span> <span class='ocrx_word' id='word_1_242' title='bbox 441 3208 600 3284; x_wconf 84' lang='lat' dir='ltr'><strong>Statimque</strong></span> <span class='ocrx_word' id='word_1_243' title='bbox 613 3207 772 3281; x_wconf 73' lang='lat' dir='ltr'><strong>iohannes,</strong></span> <span class='ocrx_word' id='word_1_244' title='bbox 793 3211 842 3282; x_wconf 92' lang='lat' dir='ltr'><strong>qui</strong></span> <span class='ocrx_word' id='word_1_245' title='bbox 857 3209 928 3268; x_wconf 89' lang='lat' dir='ltr'><strong>mihi</strong></span> <span class='ocrx_word' id='word_1_246' title='bbox 941 3212 1080 3274; x_wconf 87' lang='lat' dir='ltr'><strong>visionem</strong></span> 
     </span>
     <span class='ocr_line' id='line_1_34' title="bbox 65 3291 1078 3374; baseline 0.008 -21"><span class='ocrx_word' id='word_1_247' title='bbox 65 3291 127 3356; x_wconf 85' lang='lat' dir='ltr'><strong>lanc</strong></span> <span class='ocrx_word' id='word_1_248' title='bbox 138 3297 235 3373; x_wconf 83' lang='lat' dir='ltr'><strong>retulit,</strong></span> <span class='ocrx_word' id='word_1_249' title='bbox 254 3301 285 3358; x_wconf 88' lang='lat' dir='ltr'><strong>iu</strong></span> <span class='ocrx_word' id='word_1_250' title='bbox 297 3295 433 3358; x_wconf 83' lang='lat' dir='ltr'><strong>sudorem</strong></span> <span class='ocrx_word' id='word_1_251' title='bbox 447 3313 606 3371; x_wconf 87' lang='lat' dir='ltr'><strong>crumpens,</strong></span> <span class='ocrx_word' id='word_1_252' title='bbox 628 3292 856 3374; x_wconf 65' lang='lat' dir='ltr'><strong>dissimulent,</strong></span> <span class='ocrx_word' id='word_1_253' title='bbox 878 3297 955 3356; x_wconf 86' lang='lat' dir='ltr'><strong>etde</strong></span> <span class='ocrx_word' id='word_1_254' title='bbox 977 3299 1078 3360; x_wconf 90' lang='lat' dir='ltr'><strong>eadem</strong></span> 
     </span>
     <span class='ocr_line' id='line_1_35' title="bbox 64 3379 1079 3462; baseline 0.006 -20"><span class='ocrx_word' id='word_1_255' title='bbox 64 3381 206 3448; x_wconf 86' lang='lat' dir='ltr'><strong>irriirmitate</strong></span> <span class='ocrx_word' id='word_1_256' title='bbox 219 3387 302 3446; x_wconf 87' lang='lat' dir='ltr'><strong>citius</strong></span> <span class='ocrx_word' id='word_1_257' title='bbox 324 3382 477 3444; x_wconf 86' lang='lat' dir='ltr'><strong>convaluit</strong></span> <span class='ocrx_word' id='word_1_258' title='bbox 508 3379 709 3442; x_wconf 81' lang='lat' dir='ltr'>NOVICIUS:</span> <span class='ocrx_word' id='word_1_259' title='bbox 732 3380 808 3457; x_wconf 81' lang='lat' dir='ltr'><strong>Quid</strong></span> <span class='ocrx_word' id='word_1_260' title='bbox 824 3383 961 3444; x_wconf 88' lang='lat' dir='ltr'><strong>scholaris</strong></span> <span class='ocrx_word' id='word_1_261' title='bbox 974 3402 1079 3462; x_wconf 81' lang='lat' dir='ltr'><strong>aegro-</strong></span> 
     </span>
     <span class='ocr_line' id='line_1_36' title="bbox 65 3469 1080 3548; baseline 0.004 -20"><span class='ocrx_word' id='word_1_262' title='bbox 65 3471 333 3548; x_wconf 78' lang='lat' dir='ltr'><strong>componderatio,</strong></span> <span class='ocrx_word' id='word_1_263' title='bbox 365 3469 413 3530; x_wconf 83' lang='lat' dir='ltr'><strong>vel</strong></span> <span class='ocrx_word' id='word_1_264' title='bbox 440 3469 508 3546; x_wconf 90' lang='lat' dir='ltr'><strong>quid</strong></span> <span class='ocrx_word' id='word_1_265' title='bbox 529 3471 610 3545; x_wconf 88' lang='lat' dir='ltr'><strong>pueri</strong></span> <span class='ocrx_word' id='word_1_266' title='bbox 630 3471 764 3544; x_wconf 88' lang='lat' dir='ltr'><strong>pauperis</strong></span> <span class='ocrx_word' id='word_1_267' title='bbox 785 3470 924 3546; x_wconf 85' lang='lat' dir='ltr'><strong>significet</strong></span> <span class='ocrx_word' id='word_1_268' title='bbox 944 3470 1080 3548; x_wconf 89' lang='lat' dir='ltr'><strong>adiectio,</strong></span> 
     </span>
     <span class='ocr_line' id='line_1_37' title="bbox 64 3555 1081 3636; baseline 0.003 -22"><span class='ocrx_word' id='word_1_269' title='bbox 64 3558 161 3626; x_wconf 84' lang='lat' dir='ltr'><strong>penitus</strong></span> <span class='ocrx_word' id='word_1_270' title='bbox 180 3561 287 3636; x_wconf 81' lang='lat' dir='ltr'><strong>ignoro.</strong></span> <span class='ocrx_word' id='word_1_271' title='bbox 328 3555 565 3616; x_wconf 82' lang='lat' dir='ltr'><strong>MONACHUS:</strong></span> <span class='ocrx_word' id='word_1_272' title='bbox 590 3555 668 3614; x_wconf 90' lang='lat' dir='ltr'><strong>Puer</strong></span> <span class='ocrx_word' id='word_1_273' title='bbox 687 3555 763 3616; x_wconf 88' lang='lat' dir='ltr'><strong>idem</strong></span> <span class='ocrx_word' id='word_1_274' title='bbox 783 3557 869 3616; x_wconf 76' lang='lat' dir='ltr'><strong>vaide</strong></span> <span class='ocrx_word' id='word_1_275' title='bbox 889 3575 999 3633; x_wconf 87' lang='lat' dir='ltr'><strong>pauper</strong></span> <span class='ocrx_word' id='word_1_276' title='bbox 1020 3567 1081 3619; x_wconf 91' lang='lat' dir='ltr'><strong>erat</strong></span> 
     </span>
     <span class='ocr_line' id='line_1_38' title="bbox 66 3641 1081 3722; baseline 0.006 -24"><span class='ocrx_word' id='word_1_277' title='bbox 66 3647 89 3699; x_wconf 89' lang='lat' dir='ltr'><strong>ct</strong></span> <span class='ocrx_word' id='word_1_278' title='bbox 106 3641 255 3722; x_wconf 82' lang='lat' dir='ltr'><strong>despectus,</strong></span> <span class='ocrx_word' id='word_1_279' title='bbox 277 3647 359 3706; x_wconf 80' lang='lat' dir='ltr'><strong>conns</strong></span> <span class='ocrx_word' id='word_1_280' title='bbox 380 3646 410 3704; x_wconf 90' lang='lat' dir='ltr'><strong>in</strong></span> <span class='ocrx_word' id='word_1_281' title='bbox 430 3650 542 3704; x_wconf 80' lang='lat' dir='ltr'><strong>tanturn</strong></span> <span class='ocrx_word' id='word_1_282' title='bbox 564 3644 695 3704; x_wconf 85' lang='lat' dir='ltr'><strong>misertus</strong></span> <span class='ocrx_word' id='word_1_283' title='bbox 717 3649 760 3704; x_wconf 91' lang='lat' dir='ltr'><strong>cst</strong></span> <span class='ocrx_word' id='word_1_284' title='bbox 780 3641 929 3704; x_wconf 81' lang='lat' dir='ltr'><strong>Johmmes</strong></span> <span class='ocrx_word' id='word_1_285' title='bbox 951 3649 1030 3704; x_wconf 88' lang='lat' dir='ltr'><strong>uici</strong></span> <span class='ocrx_word' id='word_1_286' title='bbox 1052 3653 1081 3704; x_wconf 89' lang='lat' dir='ltr'><strong>ct</strong></span> 
     </span>
    </p>
   </div>
   <div class='ocr_carea' id='block_1_7' title="bbox 81 3737 1079 3830">
    <p class='ocr_par' dir='ltr' id='par_1_7' title="bbox 81 3737 1079 3830">
     <span class='ocr_line' id='line_1_39' title="bbox 81 3737 1079 3830; baseline 0.002 -17"><span class='ocrx_word' id='word_1_287' title='bbox 81 3757 106 3826; x_wconf 82' lang='grc' dir='ltr'><strong>ι)</strong></span> <span class='ocrx_word' id='word_1_288' title='bbox 120 3737 139 3813; x_wconf 86' lang='lat' dir='ltr'><strong>l</strong></span> <span class='ocrx_word' id='word_1_289' title='bbox 154 3761 391 3816; x_wconf 63' lang='lat' dir='ltr'><strong>:acerontinus</strong></span> <span class='ocrx_word' id='word_1_290' title='bbox 412 3791 442 3800; x_wconf 94' lang='lat'><em>-</em></span> <span class='ocrx_word' id='word_1_291' title='bbox 461 3761 493 3830; x_wconf 85' lang='lat'><strong>2)</strong></span> <span class='ocrx_word' id='word_1_292' title='bbox 508 3759 596 3812; x_wconf 72' lang='lat' dir='ltr'><strong>uarro.</strong></span> <span class='ocrx_word' id='word_1_293' title='bbox 614 3759 661 3823; x_wconf 83' lang='lat'><strong>25,</strong></span> <span class='ocrx_word' id='word_1_294' title='bbox 679 3759 721 3812; x_wconf 82' lang='lat' dir='ltr'><strong>as.</strong></span> <span class='ocrx_word' id='word_1_295' title='bbox 740 3789 772 3797; x_wconf 81' lang='grc'>-</span> <span class='ocrx_word' id='word_1_296' title='bbox 791 3760 825 3828; x_wconf 82' lang='lat' dir='ltr'><strong>s)</strong></span> <span class='ocrx_word' id='word_1_297' title='bbox 840 3757 930 3812; x_wconf 77' lang='lat' dir='ltr'><strong>acus</strong></span> <span class='ocrx_word' id='word_1_298' title='bbox 947 3761 1079 3815; x_wconf 65' lang='lat' dir='ltr'><strong>troarne.</strong></span> 
     </span>
    </p>
   </div>
   <div class='ocr_carea' id='block_1_8' title="bbox 123 3833 819 3969">
    <p class='ocr_par' dir='ltr' id='par_1_8' title="bbox 123 3833 819 3969">
     <span class='ocr_line' id='line_1_40' title="bbox 123 3833 819 3969; baseline -0.022 -82"><span class='ocrx_word' id='word_1_299' title='bbox 123 3861 150 3870; x_wconf 98' lang='lat'><em>-</em></span> <span class='ocrx_word' id='word_1_300' title='bbox 168 3834 197 3902; x_wconf 83' lang='grc' dir='ltr'><strong>ι)</strong></span> <span class='ocrx_word' id='word_1_301' title='bbox 214 3833 256 3888; x_wconf 88' lang='lat' dir='ltr'><strong>nc</strong></span> <span class='ocrx_word' id='word_1_302' title='bbox 273 3833 391 3886; x_wconf 80' lang='lat' dir='ltr'><strong>crisim.</strong></span> <span class='ocrx_word' id='word_1_303' title='bbox 797 3903 819 3969; x_wconf 62' lang='lat'>7</span> 
     </span>
    </p>
   </div>
   <div class='ocr_carea' id='block_1_9' title="bbox 0 0 1261 4254">
    <p class='ocr_par' dir='ltr' id='par_1_9' title="bbox 0 0 1261 4254">
     <span class='ocr_line' id='line_1_41' title="bbox 0 0 1261 4254; baseline 0 0"><span class='ocrx_word' id='word_1_304' title='bbox 0 0 1261 4254; x_wconf 95' lang='lat' dir='ltr'><strong> </strong></span> 
     </span>
    </p>
   </div>
  </div>
 </body>
</html>
