2524 4252
177 272 241 333 310
467 271 694 336 ammonio
712 272 924 337 UNDEOIMA

518 463 752 526 CAPITULUM
773 466 868 527 LVII.

269 584 318 644 Dc
337 583 437 644 motta
456 592 552 646 morte
572 587 726 647 cuiusdam
747 589 880 648 amoverat
900 590 1112 664 commentare.

241 703 307 765 Non
328 711 373 766 est
393 706 441 766 diu
462 706 541 783 quod
561 709 591 766 in
613 708 738 784 quadam
763 708 848 769 domo
877 708 983 769 ordinis
1011 710 1098 768 nostri
1121 705 1188 768 aedi·

177 789 274 851 ficium
299 790 444 868 quoddam
472 793 511 852 ad
541 811 611 852 usus
644 795 851 855 monachorum
878 795 985 855 factum
1021 801 1072 855 est
1117 792 1189 872 Quod

178 877 295 953 quidmn
317 895 518 939 conversorum
538 879 640 940 videns
662 889 690 940 et
710 882 851 957 invidens,
873 880 987 942 diabolo
1011 897 1059 942 cor
1080 882 1135 940 eius
1151 882 1189 938 in·

177 963 355 1041 flammante,
384 965 495 1042 aliquos
523 966 562 1026 ad
583 966 769 1028 deiectionem
799 968 925 1028 eiusdem
953 970 1046 1045 operia
1072 968 1189 1028 mutant

179 1049 236 1127 Qui
264 1069 330 1111 oum
358 1055 503 1112 venissent
531 1070 596 1112 cum
622 1056 815 1114 instrumentis
843 1058 902 1114 suis
929 1061 996 1116 ante
1031 1055 1190 1115 refectorium

178 1137 392 1212 monachorum,
413 1145 513 1198 auctor
526 1146 623 1200 tantae
638 1143 852 1217 conspirationis
873 1143 978 1201 corruit
999 1148 1029 1202 et
1048 1141 1191 1217 exspiravit

178 1223 244 1300 Quo
272 1227 334 1284 viso
364 1228 450 1285 ceteri
477 1224 563 1285 valde
590 1229 737 1302 amentes,
766 1245 831 1288 eum
861 1227 952 1288 multa
979 1228 1190 1288 festinationes

178 1309 337 1371 humilitate
357 1319 497 1372 venerunt
517 1312 555 1371 ad
575 1313 664 1389 pedes
684 1313 823 1389 abbatis,
851 1320 1002 1391 peccatum
1025 1332 1108 1374 suum
1133 1329 1191 1372 oon·

178 1395 304 1472 ditantes,
326 1415 345 1457 a
365 1414 423 1473 quo
444 1401 648 1474 poenitentiam
669 1407 865 1477 susceperunt
908 1401 1019 1478 Corpus
1040 1417 1108 1462 raro
1133 1417 1191 1460 con·

178 1485 324 1560 spiratoris
337 1485 367 1544 in
388 1501 490 1561 campo
512 1485 655 1562 sepultum
672 1495 723 1546 est.
766 1488 872 1570 Postea
892 1487 930 1548 ad
950 1489 1115 1565 petitionem
1133 1503 1192 1546 con·
1241 1513 1242 1538 i

179 1586 335 1646 versorum,
355 1573 430 1632 siout
450 1573 533 1632 nobis
554 1573 650 1632 retulit
658 1572 760 1633 Abbas
782 1580 880 1634 noster
900 1576 950 1650 qui
969 1573 1087 1648 audivit,
1105 1571 1192 1633 Abbas

178 1656 342 1732 praedictus
369 1661 470 1734 petivit
492 1661 603 1719 venian
624 1663 653 1718 in
676 1660 807 1737 capitulo
834 1660 974 1737 generali,
1006 1667 1039 1720 ut
1066 1659 1193 1721 licorotoi

180 1760 283 1820 corpus
303 1746 461 1821 proiectum
478 1761 584 1821 ponere
596 1749 625 1804 in
647 1749 797 1822 cimiteri03
820 1747 939 1808 sednon
960 1747 1093 1808 recordor
1111 1754 1192 1806 utrum

179 1828 264 1890 fuerit
283 1833 309 1892 ci
331 1848 499 1892 conoessum
519 1832 567 1892 vel
587 1840 731 1909 negatum.
774 1834 906 1894 Referam
934 1835 986 1894 tibi
1012 1852 1088 1896 nuno
1112 1833 1192 1907 aliqua

179 1917 312 1994 exempla
332 1917 450 1979 devius
464 1917 600 1995 luxuriae,
622 1937 696 1996 quae
709 1918 870 1983 luxuriosos
884 1922 953 1981 satis
970 1926 1078 1998 queant
1096 1927 1192 1982 tenera

517 2063 750 2173 cnrrnunun
769 2111 878 2172 cvm.

179 2229 228 2288 De
247 2235 343 2292 mmta
370 2234 503 2292 canonici
522 2235 573 2311 qai
591 2233 719 2292 ecfatam
740 2235 992 2294 sanctimonialem
1002 2239 1192 2312 stupraverat

244 2348 333 2428 Apud
353 2352 516 2414 Traiectum
536 2353 651 2413 inferius
679 2362 745 2414 ante
774 2371 864 2415 annos
891 2371 1016 2431 paucos,
1043 2358 1114 2416 sicut
1138 2351 1192 2412 mihi

179 2435 275 2497 retulit
296 2439 356 2497 eius
379 2442 602 2515 concanonicus,
623 2439 742 2500 clericus
764 2442 880 2518 quidam
902 2441 1053 2504 defunctus
1077 2447 1131 2516 est,
1154 2438 1192 2515 qui

179 2525 424 2586 sanctimonialem
445 2526 570 2586 velatam
585 2534 757 2603 corruperat.
785 2527 825 2588 Ut
852 2535 949 2587 antem
964 2528 1092 2589 Christus
1111 2534 1192 2588 osten·
1242 2551 1243 2606 p

181 2609 276 2686 deret,
298 2628 384 2686 quam
413 2616 509 2690 gravis
538 2615 575 2672 sit
602 2614 701 2690 culpa,
729 2617 819 2690 ipsius
839 2631 976 2691 sponsam
996 2615 1116 2689 violare,
1147 2609 1191 2672 talc
1242 2608 1243 2666 i

180 2699 294 2776 signum
315 2699 344 2756 in
365 2698 489 2760 defuncti
510 2700 797 2777 genitalibuspoauit,
816 2701 893 2776 quod
914 2704 1025 2762 cunetis
1046 2704 1093 2779 qui
1112 2699 1191 2760 ridere
1242 2729 1243 2780 p

180 2784 229 2845 vel
249 2785 347 2846 audire
360 2792 493 2861 poterant
506 2794 582 2846 esset
602 2790 709 2846 terrori.
750 2787 824 2847 Nolo
846 2793 943 2848 autem
955 2787 1027 2848 iilud
1049 2789 1192 2864 exprimere,

179 2887 300 3016 palrlssons
320 2872 511 2952 verecundiae
526 2873 702 2951 feminarum,
723 2892 797 2950 quae
809 2874 881 2934 forte
902 2874 1029 2936 iacturae
1050 2881 1190 2949 suntque

181 2973 216 3017 co
247 2960 365 3020 erimus.

531 3149 762 3213 CAPITULUM
783 3151 865 3212 LIX.

306 3270 468 3334 Damoeta
483 3275 604 3353 paellae
624 3278 656 3333 in
677 3277 760 3334 catus
781 3275 933 3351 spadica
955 3292 1042 3336 cauca
1064 3293 1094 3336 se

518 3363 650 3442 inanem,
661 3359 835 3422 madebant
847 3359 876 3436 ¹).

247 3475 281 3535 In
310 3476 378 3536 villa
405 3477 532 3554 quadam
559 3480 709 3540 Dioecesis
738 3480 913 3542 coloniensis
942 3497 1017 3558 quae
1045 3471 1191 3554 Lurhoim')

183 3561 300 3639 dicitu,
326 3563 424 3640 puella
449 3565 592 3641 quaedm
615 3567 761 3626 cmuadam
782 3568 920 3630 honestae
942 3575 1087 3629 matronae
1106 3560 1192 3626 andllc

182 3657 250 3710 ante
278 3650 389 3726 aliquos
413 3666 505 3710 annos
526 3649 659 3711 defuncta
681 3660 732 3713 est
774 3655 851 3715 Satis
873 3656 948 3740 enim
970 3661 1032 3717 erat
1051 3653 1192 3720 luxuuosa

202 3814 607 3887 1Jausi²nomorueonnc
629 3849 658 3858 -
677 3821 710 3889 2)
726 3820 750 3874 P
767 3822 927 3876 Lucheim.
