2506 4254
403 225 469 336 'nn
494 272 720 336 menum.
760 307 761 318 ι
1020 273 1082 333 ase

66 394 126 455 cidit
144 396 172 454 iu
191 394 333 456 Rhenum.
376 396 462 456 Anno
484 414 552 458 vero
574 399 704 473 sequenti
732 413 798 455 curn
825 393 863 454 ad
890 397 948 454 iam
978 394 1085 454 dictum

68 482 172 559 opIdum
184 485 287 542 iterum
304 485 357 542 iret
377 485 501 560 navigio,
523 486 599 544 circa
620 482 742 543 eundern
763 481 858 542 locum
879 483 909 542 in
931 497 988 556 quo
1009 497 1084 542 anu-

65 567 116 628 lum
127 569 292 646 perdiderat,
312 572 468 646 piscatores
483 570 583 630 obuios
595 566 612 650 ¹)
634 567 743 644 habuit,
764 586 782 627 a
804 569 907 644 quibus
928 570 953 626 si
974 567 1085 643 aliquos

66 654 191 715 haberent
211 659 305 732 pisces
328 663 436 734 captos,
456 659 558 732 inquiri
582 658 735 732 praecepit
783 653 1003 730 Responderunt
1029 652 1085 712 illi:

65 739 201 802 Habemus
230 759 343 802 esocem
375 761 464 802 unum
493 745 542 819 qui
569 743 736 819 Praeposito
771 741 915 800 Xantensi
950 740 1084 814 debetur,

68 843 142 902 quem
170 830 294 889 vendere
322 847 379 888 non
408 829 555 889 audemus.
609 829 721 905 Quibus
751 845 816 887 cum
845 827 985 902 dicerent,
1017 843 1085 886 ecce

32 973 36 992 ,
67 913 236 990 Praepositae
258 932 392 991 praeseus
421 923 476 992 est,
504 917 613 992 piscem
640 919 666 975 ei
687 915 859 976 obtulerunt.
903 913 996 989 Quem
1019 930 1085 973 eum

67 1016 143 1060 cocus
168 1008 373 1077 exenterasset,
400 1002 503 1062 anulus
537 1002 682 1080 praelatus
714 1005 745 1060 in
767 1003 828 1061 eius
856 1002 1014 1060 visceribus
1043 1004 1087 1059 est

66 1094 193 1162 repertus.
235 1087 328 1165 Quem
353 1107 417 1149 cum
439 1090 532 1150 celare
553 1105 611 1148 non
631 1093 730 1166 posset
750 1104 804 1148 nec
825 1088 927 1163 vellet,
955 1087 1086 1162 Praepo-

66 1174 113 1232 sito
133 1191 197 1234 com
219 1174 351 1235 ostendit.
394 1175 489 1251 Quem
507 1175 554 1236 illc
582 1191 650 1235 mox
678 1176 811 1252 ingruerit,
839 1180 868 1235 et
888 1190 946 1234 non
975 1172 1086 1248 absque

67 1277 161 1336 magno
182 1261 319 1322 miraculo
341 1265 457 1339 recepit.

396 1433 627 1496 CAPITULUM
649 1435 746 1496 LXII.

148 1558 195 1616 De
217 1559 302 1634 aquis
323 1560 356 1616 tm
376 1561 552 1634 sanquinem
574 1560 664 1617 versia
686 1563 713 1617 et
734 1555 860 1633 piscibus
882 1575 995 1618 earum.

122 1677 258 1740 Sacerdos
273 1677 390 1755 quidam
405 1685 434 1739 et
446 1679 603 1739 monachus
617 1678 654 1738 de
676 1678 773 1738 ordine
794 1681 884 1756 nigro,
905 1695 980 1738 anno
1001 1695 1087 1755 prae-

68 1764 141 1826 terito
153 1765 248 1827 retuIIt
261 1765 331 1824 mihi
344 1765 379 1825 de
391 1767 471 1841 aquis
494 1772 523 1825 et
542 1766 669 1842 piscibus
690 1783 751 1825 rem
773 1765 857 1826 valde
878 1765 1087 1826 miraculosam.

68 1845 97 1908 In
114 1855 258 1928 procincta
274 1854 365 1928 inquit
377 1859 484 1926 nostra,
505 1855 579 1912 sieut
597 1851 684 1912 hodie
706 1853 787 1912 multi
808 1859 875 1912 sunt
895 1858 991 1928 testes,
1011 1860 1088 1911 tem-

68 1949 128 2009 pore
155 1939 279 2016 quodam
300 1956 399 1999 omnes
418 1939 539 2016 paludes
561 1946 591 1999 et
616 1940 723 1999 fluenta
749 1941 779 1997 in
807 1942 976 2016 sangumem
1004 1956 1089 2000 versa

70 2031 133 2084 nnc
174 2025 310 2103 Quorum·
324 2026 540 2087 amaritudinem
561 2043 627 2086 cum
647 2028 739 2103 pisces
769 2028 907 2087 sustinere
933 2044 991 2087 non
1017 2043 1089 2104 pos„-

72 2117 133 2186 scnt,
152 2113 256 2174 relictis
277 2115 359 2188 aquis
380 2112 489 2173 andam
509 2114 680 2188 petiverunt
728 2111 882 2190 Angu'dlae
909 2130 978 2174 uero
1005 2130 1089 2190 sepes

72 2198 256 2275 ascendentes,
275 2199 386 2276 illisque
397 2200 584 2276 inhaerentes,
605 2202 647 2261 sic
662 2202 796 2260 inventae
818 2206 893 2260 sunt
934 2199 1090 2260 Multitudo

72 2288 159 2344 autem
185 2289 305 2362 piscium
327 2289 356 2345 in
380 2289 463 2363 aquis
484 2293 598 2347 mortue
619 2293 678 2361 est,
706 2286 744 2347 ad
766 2290 854 2346 instar
875 2288 959 2345 unius
986 2285 1090 2363 plagae

72 2365 195 2449 Aegypti.
244 2372 362 2450 Aliquid
389 2390 466 2433 nunc
492 2373 641 2434 subiiciam
669 2373 705 2433 de
734 2373 903 2434 animalibus
930 2378 960 2434 et
993 2373 1091 2434 bestiis

74 2460 184 2528 quaein
205 2462 286 2521 terris
305 2459 482 2537 gradiuntur,
503 2459 581 2536 quod
603 2460 805 2522 miraculosum
826 2461 871 2520 sit.

390 2650 621 2714 CAPITULUM
649 2651 762 2713 LXIII.

191 2776 239 2835 De
260 2775 373 2836 bubalos
395 2779 447 2853 qut
468 2775 616 2836 usiadem
637 2793 726 2834 suum
747 2773 965 2852 ieter-fecerant

128 2893 199 2955 Cum
221 2895 392 2957 wilhelmus
420 2897 550 2957 novicius
578 2902 674 2956 noster
701 2891 760 2976 in2)
791 2897 885 2971 prima
912 2893 1091 2970 expeditione

75 2971 303 3059 lerosolymiuna
338 2984 442 3043 radicet
467 2983 604 3057 Romam,
641 2999 739 3042 casnm
773 2983 812 3042 ibi
846 2987 916 3041 tunc
948 2986 1092 3042 recentem

74 3063 186 3144 ruunt,
208 3070 282 3130 unde
304 3061 385 3130 multi
406 3071 589 3130 mirabantur.
631 3068 780 3128 Bubulcus
801 3068 919 3144 quidam
939 3067 1063 3128 bubalos
1070 3065 1091 3146 3)

22 3203 25 3210 .
74 3147 143 3214 inu
162 3157 258 3216 urbem
279 3165 399 3232 paverat
419 3159 519 3234 viginti
548 3158 629 3216 anule
654 3161 682 3215 et
710 3155 840 3231 amplius.
882 3155 938 3216 Die
967 3154 1092 3232 quadam

75 3249 130 3300 blm
149 3257 204 3301 non
224 3243 325 3320 procul
345 3261 364 3303 a
385 3244 567 3320 pascentibus
594 3245 624 3302 in
645 3257 714 3318 agro
736 3242 885 3318 dormtret,
911 3248 1035 3318 quatuor
1055 3259 1092 3302 ex

74 3321 108 3382 eis
126 3332 329 3406 convenientes,
349 3331 455 3391 frontes
472 3332 554 3407 quasi
571 3329 608 3390 ad
630 3327 802 3405 colloquium
823 3331 1043 3408 coniungebant,
1063 3334 1093 3389 et

74 3418 129 3481 post
147 3414 245 3476 horam
266 3412 332 3496 ad⁴l
354 3435 438 3476 suum
460 3415 607 3478 cristodem
632 3423 785 3491 currentes,
804 3422 866 3479 tum
886 3417 1008 3493 pedibus
1029 3413 1092 3476 oal-

75 3498 168 3592 modo,
196 3499 287 3584 tum⁶)
316 3503 449 3565 cornibus
470 3502 649 3582 ventIIando,
677 3521 742 3566 eum
771 3506 800 3566 in
820 3504 911 3567 crusta
932 3501 1091 3564 dividentes

75 3587 266 3650 uterleceruut.
1130 3580 1135 3594 ’

91 3767 149 3863 ild
166 3774 296 3861 croam.
321 3807 352 3864 .·
377 3779 445 3902 epu
469 3795 514 3832 ex.
540 3809 572 3820 -
591 3781 623 3849 s)
640 3779 662 3834 s
680 3778 821 3834 naturas.
839 3776 962 3840 nubatur,
979 3772 1092 3838 omnus,

132 3845 274 3900 bermanrce
292 3845 386 3902 liulie
405 3888 412 3902 .
429 3879 460 3891 -
479 3851 512 3919 i)
530 3847 573 3904 CF
591 3857 673 3903 aute.
693 3879 724 3890 -
743 3849 775 3917 5)
794 3847 858 3902 CIIF
876 3862 944 3898 eum
963 3873 994 3884 -
1018 3858 1101 3924 cum..
