2512 4254
174 269 236 326 124
486 263 714 328 plasmatio
737 264 901 329 ocuAvA

513 457 747 520 oreuuuuu
765 454 868 538 nur)

283 583 332 642 Dc
352 584 495 641 caaoaico
517 563 779 656 Boeiacnsi‘qaem
799 587 920 642 sanctas
940 581 1092 644 Jobarines

560 667 701 742 Baptista
724 671 819 728 aurit.

234 790 395 848 eanonicus
416 787 533 865 quidam
555 795 616 848 erat
637 791 666 847 in
689 788 810 848 ecclesia
830 789 984 864 Bonnensl,
1007 791 1055 866 qui
1074 789 1191 865 frequen·

168 887 212 937 ter
233 894 299 937 cum
320 875 466 935 sodalibus
487 877 546 936 suis
567 875 706 935 moniales
730 877 759 934 in
780 873 933 954 Ditlrirgen
953 875 1066 936 solebat
1084 879 1191 936 visitare

167 965 228 1024 Nec
250 969 311 1024 erat
332 965 362 1020 in
384 961 485 1022 eadem
503 965 665 1022 visitatione
687 961 794 1038 aliquid
815 963 1015 1040 religiositatis,
1036 963 1087 1026 sed
1104 964 1192 1024 levitas

168 1058 197 1112 et
210 1049 368 1126 periculum
382 1051 548 1108 animarum.
592 1049 731 1125 Quotiens
754 1052 830 1110 enim
851 1066 918 1110 eum
933 1052 1084 1127 oportebat
1102 1053 1192 1110 mbae

167 1140 322 1199 claustrum
337 1153 389 1211 per
404 1139 607 1196 monasterium
621 1137 699 1211 quod
713 1139 741 1196 in
756 1137 864 1197 honore
879 1138 957 1196 beati
970 1137 1050 1198 Petri
1070 1144 1099 1197 et
1114 1137 1193 1198 sancti

166 1225 308 1285 Johannis
329 1223 477 1301 Baptistae
499 1223 661 1282 dedicatum
686 1228 743 1298 est,
764 1225 904 1283 transibat
926 1230 1021 1284 erecto
1044 1223 1130 1299 cosso,
1147 1240 1193 1284 nec

166 1329 225 1371 uua
256 1309 372 1386 quidem
403 1313 466 1369 vice
500 1327 598 1369 coram
630 1311 767 1370 altaribus
801 1316 888 1387 caput
918 1311 1068 1372 inclinans.
1114 1311 1193 1370 Nocte

165 1397 291 1474 quadam
317 1397 486 1456 venerabilis
507 1397 640 1473 Baptista
660 1401 689 1456 in
711 1400 817 1456 somnis
838 1397 879 1456 illi
900 1415 1053 1474 apparens,
1074 1405 1103 1459 et
1121 1403 1192 1458 torvo

165 1485 248 1546 vultu
275 1487 306 1542 in
334 1501 401 1543 eum
429 1487 598 1560 respiciens,
626 1487 668 1544 sic
696 1487 750 1542 ait:
779 1485 817 1544 Et
846 1491 878 1543 tu
905 1487 1002 1562 inique
1031 1487 1131 1546 totiens
1149 1501 1194 1560 per

166 1574 320 1633 oratorium
347 1589 443 1631 meum
471 1573 628 1646 transiens,
660 1588 807 1646 nunquam
835 1571 943 1647 aliquid
965 1572 1035 1630 mihi
1056 1572 1195 1633 exhibuisti

165 1661 293 1736 lrouoris,
322 1665 355 1718 ut
383 1658 484 1718 saltem
496 1655 513 1738 ¹)
541 1658 589 1722 vel
616 1676 675 1717 una
703 1661 766 1720 vice
796 1661 937 1718 cervicem
958 1659 1089 1720 flecteres
1109 1675 1194 1718 coram

164 1748 247 1807 altari
267 1763 342 1806 meo.
384 1745 557 1821 Levansque
578 1744 682 1820 pedem
703 1751 764 1803 tam
778 1743 873 1804 valide
894 1747 979 1804 trusit
1001 1764 1069 1806 eum
1088 1747 1116 1804 in
1128 1761 1194 1804 ven·

164 1845 206 1895 tre
214 1831 245 1912 ²),
266 1844 299 1893 ut
319 1839 380 1891 tam
402 1850 438 1891 ex
458 1839 565 1891 terrore
583 1833 792 1908 increpationis,
814 1849 901 1908 quam
916 1849 952 1892 ex
975 1832 1073 1894 dolore
1093 1834 1194 1892 tunsio·

165 1924 209 1979 nis
222 1918 242 1998 ⁸)
266 1919 421 1996 evigilaret.
463 1918 512 1977 Ab
534 1917 584 1977 illa
605 1921 679 1976 enim
701 1917 772 1978 hora
794 1921 889 1996 coepit
909 1919 1059 1994 infirmari,
1082 1927 1109 1980 et
1128 1935 1194 1996 pau·

164 2009 245 2068 latim
258 2009 464 2065 intumescente
485 2012 585 2065 ventre
603 2004 758 2082 ydropicus
772 2005 841 2080 lieri,
863 2008 961 2084 sicque
975 2006 1093 2082 vadens,
1114 2005 1194 2066 donec

128 2167 131 2174 Δ
164 2093 356 2154 invalescente
378 2093 478 2152 morbo
500 2099 664 2151 moreretur.
703 2091 741 2150 Et
763 2095 787 2152 si
806 2095 849 2151 vis
872 2095 951 2168 scire,
973 2091 1122 2154 Johannes
1142 2099 1196 2152 erat
1254 2129 1255 2152 r

164 2198 269 2241 nomen
298 2182 367 2238 eius.
409 2179 495 2237 Forte
519 2197 555 2239 ex
575 2178 631 2238 hoc
653 2182 716 2253 ipso
738 2186 854 2240 sanctus
875 2179 999 2258 amplius
1020 2181 1195 2252 turbabatur,
1254 2195 1255 2210 ³

165 2269 242 2348 quod
262 2270 326 2344 ipsa
347 2267 468 2324 nominis
489 2269 550 2325 eius
572 2268 789 2344 aequivocatio,
808 2266 849 2325 nil
869 2269 1038 2344 memoriae,
1060 2267 1100 2326 nil
1119 2281 1194 2327 reve·

163 2359 272 2416 seutiae
312 2353 390 2411 cordi
423 2355 483 2412 eius
520 2355 702 2429 impresserat
738 2355 813 2412 circa
840 2355 943 2430 ipsum.
1000 2352 1194 2420 NOVICIUS:

165 2443 239 2502 Cum
266 2443 357 2501 maior
383 2441 419 2499 sit
444 2439 579 2516 perlectis
607 2443 715 2514 patriae
745 2457 832 2516 quam
860 2442 940 2513 viae,
970 2441 1039 2518 quid
1061 2436 1195 2518 estquod

163 2531 255 2590 sancti
276 2534 336 2587 tam
359 2527 427 2586 dure
450 2545 516 2586 suas
537 2529 652 2585 iniurias
670 2517 838 2586 vindicant?
880 2524 1116 2590 MONACHUS:
1136 2525 1194 2588 Vo-

94 2629 104 2654 ·
163 2618 257 2676 luntas
287 2613 556 2690 comprehensorum
567 2610 589 2693 a)
618 2617 659 2672 sic
688 2613 801 2672 divinae
824 2613 964 2672 voluntati
983 2616 1065 2674 unita
1087 2619 1140 2690 est,
1167 2617 1194 2670 ut

163 2723 220 2764 non
241 2704 352 2784 possint
373 2700 451 2760 aliud
472 2699 554 2774 velle,
576 2702 629 2758 nisi
651 2700 730 2776 quod
750 2699 830 2760 illum
851 2703 982 2759 noverint
1003 2701 1087 2762 velle.
1127 2702 1195 2760 Via·

161 2799 239 2852 tores
260 2807 329 2850 vero
350 2806 402 2865 pro
419 2789 538 2846 inimicis
562 2793 694 2846 tenentur
714 2783 804 2862 orar‘e,
824 2787 921 2863 illique
944 2787 1057 2849 (liubae
1078 2790 1194 2848 iustitiae

162 2880 321 2938 consentire
330 2873 360 2956 ⁵).
391 2870 578 2953 Mercurius⁵l
592 2880 709 2950 martyr,
729 2871 915 2954 Julianump,
935 2877 993 2934 iam
1008 2893 1074 2935 cum
1089 2875 1193 2936 crusta

106 3072 109 3084 ·
178 3010 211 3078 *³
229 3006 803 3141 llll„bllteulbllllltrfss
806 3003 1193 3146 vll1,⁰t.⁰tlllr⁰uss,³ll
1252 3131 1253 3138 Ν

229 3148 272 3198 78.
292 3177 323 3186 -
336 3149 367 3214 4)
380 3148 470 3200 Homil.
487 3148 516 3199 ll.
536 3164 560 3215 p.
580 3151 627 3200 55:
647 3147 806 3218 „Electorum
828 3149 926 3198 animae
944 3147 1092 3216 corporibus
1109 3154 1193 3199 emtas

229 3215 348 3284 quamdin
365 3219 462 3268 visione
481 3218 527 3269 Dei
545 3226 646 3280 carent,
670 3233 746 3284 supra
764 3219 874 3268 viatores
897 3226 969 3280 sunt,
993 3226 1020 3268 et
1037 3219 1100 3269 citra
1118 3229 1192 3269 com-

230 3285 474 3353 prehensores.“
495 3317 525 3326 -
553 3288 585 3353 5)
604 3287 692 3338 llomil.
711 3287 751 3338 lll.
771 3301 795 3352 p.
816 3287 862 3339 18:
890 3287 1055 3358 „Sanctorum
1073 3287 1192 3342 voionus

228 3356 272 3424 qui
289 3355 315 3406 in
332 3354 378 3405 Dei
397 3357 513 3406 fruitione
532 3365 605 3419 sunt,
623 3357 659 3406 sic
678 3355 730 3406 Deo
749 3357 818 3406 nnita
835 3363 888 3420 est,
910 3365 938 3407 ut
955 3356 1017 3410 nibil
1035 3357 1127 3421 velint,
1149 3351 1191 3406 nisi

229 3423 297 3494 quod
314 3423 382 3476 illum
404 3424 469 3476 velle
494 3427 589 3477 sciunt:
613 3426 716 3492 quossi
739 3423 860 3476 malorum
883 3441 981 3492 poenae
1005 3429 1191 3483 contristarent,
1218 3459 1222 3464 ·

228 3494 366 3562 perfectum
393 3493 511 3562 gaudium
540 3510 591 3545 non
619 3493 750 3543 baberent.
791 3493 855 3557 llos,
882 3498 941 3563 quia
967 3496 1012 3548 Dei
1042 3497 1190 3550 voluntatem

228 3569 388 3632 ignoramus,
415 3562 585 3615 indifferenter
607 3577 653 3629 pro
677 3561 749 3612 bonis
771 3562 875 3615 malisve
903 3565 1029 3616 oramus.“
1049 3595 1080 3606 -
1098 3567 1130 3633 6)
1153 3557 1190 3613 BC

228 3636 410 3692 llarcurius.
428 3631 524 3684 Eodem
537 3631 611 3684 modo
624 3629 780 3682 scribebatur
791 3648 899 3684 marca
911 3643 937 3686 et
952 3651 1071 3700 merca,
1088 3643 1188 3698 margo

229 3714 255 3758 et
272 3719 392 3772 mergo,
421 3710 448 3752 et
474 3701 550 3752 multa
578 3702 616 3752 lrls
648 3699 744 3752 similla.
763 3731 795 3741 -
814 3703 846 3770 7)
869 3712 985 3769 apostata
1008 3707 1057 3756 isle
1079 3701 1188 3756 mandato

229 3777 318 3829 beatae
336 3773 443 3840 Virginis
466 3786 513 3835 per
534 3779 647 3822 sanctum
671 3769 833 3834 Mercurium,
856 3775 937 3826 saucii
962 3772 1048 3828 Basilii
1065 3772 1186 3843 pantos·

229 3848 346 3898 traiectus
363 3844 441 3896 luisse
458 3840 555 3892 dicitur.
