2506 4254
157 248 220 306 aaa
442 245 676 310 nrsmnorro
690 245 900 327 unnaonm

139 373 226 428 *runt
247 369 282 444 ei,
302 375 331 428 et
351 367 464 429 allocuti
485 377 552 431 snnt
574 371 713 431 dicentes:
734 370 836 432 Amice
857 377 889 433 tu
912 368 981 446 quld
1003 367 1093 430 dieis?
1119 368 1178 431 Pla·

160 462 243 516 cerne
263 455 315 515 tibi
328 455 384 516 hac
397 459 461 516 vice
481 459 585 518 venire.
599 459 637 518 ad
657 456 731 518 nos?
752 458 791 517 Et
810 458 873 518 ille:
894 457 1178 534 Vehementcreupio

100 625 102 630 ἲ
161 533 292 618 dissolvi,
320 549 349 601 et
375 560 438 602 esse
465 561 531 604 curn
554 543 663 620 Christo
675 542 701 625 ¹),
750 545 789 604 Et
816 544 924 622 angeli:
959 544 1031 604 Esto
1058 551 1179 620 parabis,

160 629 279 706 expletis
291 630 489 706 praesentibus
506 634 640 707 exequiis,
660 633 756 691 statim
776 633 926 702 nobiscum
946 632 1010 690 ibis.
1050 631 1100 690 Ille
1119 647 1178 708 pro·

158 718 238 776 missi
251 715 330 776 baud
341 716 444 776 dubius
456 721 579 793 superni,
599 719 758 778 suturarum
771 718 942 795 gaudiorum
955 719 1090 793 primitias
1096 713 1116 798 ²)
1129 721 1177 778 am

160 804 245 863 corde
272 807 480 880 praesentiens,
511 803 604 863 laetus
637 811 666 864 et
692 804 788 864 hilaris
809 805 939 864 redeunti
959 805 1106 866 infirmario
1125 821 1177 866 reru

157 889 258 966 pandit
277 907 329 966 per
351 890 486 949 ordinem.
528 890 566 948 Et
588 890 705 952 adiecit:
733 891 856 952 Sternite
877 898 1010 967 mattam
1032 898 1060 952 et
1079 891 1177 968 pulsate

158 977 302 1052 tabulam,
335 983 364 1036 et
391 994 466 1052 quae
494 978 622 1052 paranda
650 986 716 1037 sunt
742 985 841 1055 parate
870 979 1004 1054 celerius,
1038 981 1093 1038 iam
1112 981 1176 1038 enin

156 1065 247 1124 iturus
269 1081 333 1123 sum
354 1064 392 1122 ad
412 1064 578 1123 Dominum.
627 1063 711 1140 Quod
732 1067 773 1124 ita
792 1066 900 1124 factum
922 1072 973 1124 est.
1015 1066 1101 1126 Porro
1120 1067 1176 1140 qui·

159 1150 225 1211 dam
246 1150 374 1208 infirmus
395 1154 539 1225 proximus
561 1152 674 1210 iacebat
696 1143 743 1227 ei,¹
769 1159 797 1210 et
818 1153 900 1227 quasi
921 1155 1084 1228 contiguus,
1108 1152 1175 1212 tenui

155 1243 268 1296 tantum
294 1239 402 1313 pariete
431 1237 537 1296 divisus
565 1239 603 1296 ab
624 1240 702 1314 ipso,
731 1240 780 1313 qui
800 1239 911 1298 audivit
931 1238 1048 1315 angelos
1068 1255 1129 1299 curn
1145 1255 1174 1302 eo

155 1322 319 1399 loquentes,
349 1327 397 1399 qui
426 1324 520 1384 adhue
542 1333 671 1399 superest
691 1328 771 1385 testis
792 1325 898 1402 fidelis,
927 1327 1008 1386 cuius
1028 1326 1173 1386 testimonio

155 1409 242 1472 fidem
262 1409 331 1470 lacit
351 1413 411 1470 vita
432 1410 591 1472 laudabilis.

523 1566 756 1629 CAPITULUM
776 1568 829 1630 VI.

154 1689 203 1748 De
217 1687 326 1748 Obcrto
342 1705 481 1748 oenomao
494 1691 546 1764 qui
557 1662 684 1748 mordeas
705 1691 851 1750 caelatam
866 1690 982 1750 audivit
994 1691 1171 1750 barciloniam

197 1811 268 1870 Erat
293 1813 322 1868 in
351 1810 452 1871 eadem
482 1810 582 1885 domo,
612 1809 742 1870 Claustro
770 1811 892 1888 scilicet,
918 1810 1009 1871 laicus
1034 1825 1171 1872 conversus

154 1900 268 1957 nomine
282 1895 416 1971 Obertus,
437 1899 481 1956 vir
491 1898 617 1956 moribus
631 1902 755 1972 ornatus,
777 1903 805 1956 et
826 1901 938 1958 actione
960 1901 1170 1974 circumspectus,

155 2001 173 2044 a
194 1986 292 2060 primis
313 1984 522 2043 adolescentiae
530 1981 551 2064 ³)
573 1987 654 2044 annis
676 1983 839 2044 deserviens
859 1987 888 2043 in
910 1985 1023 2061 ordine,
1044 1985 1080 2045 ed
1099 1997 1169 2044 omna

153 2071 277 2130 iubentis
304 2073 454 2147 imperium
481 2071 578 2130 hilaris
607 2076 635 2130 et
663 2077 819 2147 promptus.
861 2071 918 2132 Hic
939 2064 1049 2152 annis⁴)
1077 2071 1170 2131 circiter

152 2160 267 2234 triginta
294 2175 358 2217 cum
387 2157 520 2217 fratribus
547 2157 664 2217 infirmis
690 2164 750 2217 tam
778 2158 914 2218 devotum
942 2175 1030 2234 quam
1055 2156 1169 2218 sedulum

153 2244 328 2306 exhibuisset
349 2245 526 2320 obsequium,
547 2246 608 2320 ipse
630 2261 744 2320 quoque
767 2243 878 2305 diversa
900 2248 1025 2322 eorporis
1045 2248 1167 2319 inaequa-

153 2331 233 2391 litate
249 2339 395 2407 correptus
418 2339 470 2406 est,
491 2333 561 2390 etin
574 2334 686 2408 magnis
699 2332 845 2391 laboribus
856 2335 1042 2409 supervivens
1052 2329 1080 2412 ⁵),
1099 2331 1167 2390 annis

153 2421 235 2494 quasi
256 2421 364 2494 viginti,
386 2419 502 2494 longum
523 2418 655 2477 trahebat
676 2421 851 2498 martyrium.
893 2420 1096 2479 Verumtamen
1112 2417 1168 2474 licet

153 2523 270 2580 corpore
284 2505 434 2580 invalidus,
455 2507 542 2564 animi
554 2505 732 2580 providentia
748 2523 805 2565 non
826 2504 924 2564 deerat
943 2506 1061 2566 fratrum
1080 2519 1167 2563 necas·

150 2594 297 2667 sitatibus,
324 2591 477 2667 prudenter
498 2591 650 2667 disponens
672 2594 774 2651 omnia.
815 2593 946 2652 Tandem
968 2594 1083 2653 obortae
1101 2605 1167 2648 mor·

151 2679 267 2739 talitatis
284 2685 403 2755 urgente
423 2679 556 2754 procella,
577 2686 606 2738 et
626 2679 762 2754 languore
782 2679 983 2758 invalescente,
1005 2679 1078 2738 diem
1096 2691 1167 2736 sunm

149 2767 280 2841 functus,
308 2768 370 2825 vita
397 2764 482 2824 simul
511 2772 539 2824 et
568 2765 712 2826 doloribus
741 2771 854 2841 ereptus
887 2773 938 2825 est
988 2766 1077 2826 Nocte
1102 2762 1168 2823 beati

127 2884 129 2888 ·
152 2853 299 2929 Stephani,
321 2869 395 2929 quae
415 2855 546 2928 proxima
566 2859 610 2912 est
630 2852 725 2912 Natali
740 2852 864 2928 Domini,
885 2852 1000 2929 pulsata
1021 2858 1064 2912 est
1082 2848 1166 2909 tabula

151 2940 348 2999 defunctorum
367 2957 420 3016 pro
443 2956 490 3014 eo,
513 2945 543 3000 et
562 2945 709 3015 surgentes
726 2938 904 3014 festinanter,
925 2939 1098 3000 advenerunt
1114 2937 1163 2994 fra-

149 3033 216 3100 tres,
237 3028 412 3086 orationibus
432 3027 591 3086 munientes
611 3027 702 3102 fratris
732 3029 846 3086 exitum.
888 3024 1014 3086 Jacebat
1033 3027 1164 3084 autemut

149 3116 235 3172 moris
256 3121 301 3172 est
319 3115 429 3189 positus
451 3131 536 3189 super
568 3120 702 3188 mattam,
734 3120 890 3172 extremum
907 3113 1022 3172 trahens
1043 3112 1162 3188 spiritum

149 3198 235 3258 Dicta
257 3200 364 3258 letania
385 3217 450 3259 cum
471 3200 566 3260 adhuc
586 3200 694 3275 aliquid
714 3201 878 3276 spiramenti
897 3216 1046 3276 superesse
1064 3197 1163 3258 videre·

150 3293 203 3361 tur,
216 3287 321 3361 incepti
342 3294 408 3345 sunt
427 3293 537 3363 septem
558 3286 674 3346 Psalmi.
715 3287 793 3345 Inter
806 3285 964 3361 dicendum,
985 3293 1116 3362 tanquam
1134 3279 1163 3339 de

148 3371 206 3433 levi
227 3390 327 3432 somno
350 3376 503 3449 excitatus,
531 3375 646 3447 revixit,
669 3374 865 3433 circumferens
888 3373 995 3448 oculos,
1016 3379 1044 3433 et
1063 3372 1163 3430 iubente

149 3461 265 3520 Abbate
298 3463 439 3536 repositus
476 3467 519 3520 est
551 3464 579 3518 in
611 3461 717 3520 lectum
749 3453 847 3536 suum,
880 3465 909 3519 et
936 3463 1042 3520 reversi
1071 3471 1163 3518 sumus.

148 3547 271 3624 Quidam
300 3554 397 3606 autem
417 3549 458 3606 rei
478 3549 605 3606 novitate
626 3547 748 3623 perculsi
756 3541 790 3626 ⁶),
819 3554 983 3606 manserunt
1005 3536 1078 3607 eirca
1096 3560 1164 3614 euru,

146 3643 343 3712 exspectantes
360 3634 451 3694 donec
473 3633 685 3694 convalesceret
703 3636 817 3709 spiritus
832 3636 901 3708 eius,
923 3636 1068 3710 cupientes
1080 3629 1164 3692 audie

166 3753 197 3821 1)
215 3751 320 3819 Philipp.
341 3751 371 3816 l,
388 3750 430 3804 23.
455 3780 487 3789 -
506 3751 538 3839 2)
556 3749 579 3802 B
597 3749 744 3831 delicias.
764 3779 795 3789 —
815 3750 847 3818 3)
864 3747 906 3802 CF
924 3749 973 3801 add
992 3764 1076 3802 suae.
1092 3775 1120 3828 Ἴ
1136 3743 1162 3811 l]

216 3821 237 3876 B
256 3837 365 3876 annos.
386 3849 417 3860 ·-
437 3820 468 3888 5)
485 3817 525 3872 Bc
549 3835 676 3888 semper
693 3835 815 3874 vivens.
836 3848 866 3862 -
886 3819 918 3890 a)
936 3817 957 3870 C
975 3831 1123 3890 percusse
