2524 4252
312 249 367 322 DE
387 248 857 314 PRAEMIO‘MORTUORUM.
1034 249 1097 310 359
1156 239 1158 244 ’

68 369 266 434 NOVIOIUS:
286 372 343 436 Dio
365 390 473 450 quaeso
495 391 569 450 quae
591 375 643 435 erit
663 374 753 452 gloria
775 375 935 450 corpomm‚
955 370 1003 433 vel
1024 389 1099 449 quae

68 455 185 540 glorio1)
207 460 385 520 animarum?
428 460 664 522 MONACHUS.
689 461 844 562 Utriusque
864 460 988 564 hominis
1008 459 1100 538 gloria

68 547 150 606 nobis
171 546 378 624 inexplicabilis
399 555 452 608 est.

418 703 650 766 CAPITULUM
670 703 749 766 LVI.

220 824 270 885 De
291 825 408 886 daddus
430 827 587 886 electorum
610 834 677 903 poet
697 828 946 886 resurrectionem.

132 945 167 1006 In
188 948 344 1007 novissimo
367 947 421 1022 die,
443 954 477 1007 nt
498 948 566 1008 dicit
586 946 759 1024 Apostolus,
781 964 880 1007 omnes
908 962 1101 1022 resurgemus,

66 1031 121 1094 sed
134 1049 193 1093 non
206 1050 306 1094 omncs
326 1036 539 1095 immutabimur
547 1033 578 1115 ²).
620 1035 681 1096 Soli
694 1035 776 1095 electi
797 1032 1030 1108 immutabuntur,
1051 1050 1102 1110 per

69 1119 302 1197 glorificationem
315 1124 462 1197 utriusque
483 1123 615 1182 hominis.
658 1122 757 1182 Gloria
779 1123 904 1199 corporis
926 1121 1054 1181 consistit
1073 1121 1103 1178 in

70 1213 193 1283 quatuor
213 1207 335 1283 dotibus,
356 1208 386 1269 id
408 1211 500 1268 estin
521 1209 693 1284 subtilitate,
714 1207 858 1284 claritate,
878 1206 1103 1281 immortalitate,

70 1294 205 1370 agilitate.
248 1293 378 1372 Quatuor
400 1302 482 1355 erunt
504 1295 585 1355 dotes
608 1297 741 1372 corporis,
766 1301 799 1355 ut
820 1291 912 1354 omnis
935 1297 995 1354 eius
1015 1300 1103 1354 natu-

71 1398 103 1439 ra
123 1380 305 1458 glorificetur.
341 1381 451 1458 Corpus
474 1389 586 1442 constat
608 1401 643 1443 ex
665 1388 786 1460 quatuor
801 1380 1053 1457 complexionibus,
1072 1378 1103 1439 id

71 1472 115 1527 est
135 1470 290 1545 sanguine,
312 1469 421 1544 colera,
442 1468 620 1546 melancolia,
641 1465 815 1548 flecmate³);
845 1485 920 1544 quac
941 1485 1007 1528 eum
1029 1485 1105 1544 qua-

71 1559 136 1614 tuor
164 1554 310 1614 elementis
338 1557 519 1616 concordant.
575 1556 698 1632 Sanguis
731 1554 885 1615 concordat
919 1572 986 1614 cunr
1022 1570 1105 1629 aare,

72 1640 168 1702 colera
190 1659 256 1701 eum
276 1643 357 1718 igne,
385 1642 555 1702 melancolia
584 1660 649 1702 cum
677 1648 767 1718 terra,
795 1643 897 1701 flecma
925 1657 992 1701 eum
1019 1657 1105 1717 aqua.

70 1728 125 1788 Est
145 1727 241 1788 adhuc
262 1729 319 1788 alia
339 1730 442 1789 horum
465 1743 539 1790 eum
551 1730 693 1790 aetatibus
722 1734 751 1788 et
779 1714 954 1804 temporibus
984 1744 1105 1788 coneor-

72 1815 186 1891 dantia,
215 1833 289 1892 qnae
310 1815 376 1876 huie
404 1815 468 1876 loco
489 1834 548 1876 non
570 1823 614 1879 est
642 1817 811 1876 necessaria.
861 1813 1003 1891 Quicquid
1029 1816 1105 1874 enim

73 1918 177 1978 corpus
198 1901 356 1962 humanum
369 1902 458 1964 habet
473 1902 507 1962 de
521 1921 595 1980 aere,
617 1903 768 1963 transibit
760 1921 790 1961 m
807 1902 1005 1978 subtilitatem3
1027 1899 1106 1977 quod

73 1988 108 2049 de
128 1991 205 2066 igne,
224 1991 254 2048 in
268 1987 438 2067 claritatem;
461 1990 539 2066 quod
553 1991 588 2052 de
604 1998 687 2065 terra,
707 1992 737 2048 in
750 1989 1006 2065 immortalitatcm3
1028 1985 1107 2066 quod

73 2075 109 2136 dc
123 2092 209 2150 aqua,
230 2077 261 2134 in
282 2076 447 2152 agilitatem.
482 2077 528 2138 De
544 2077 588 2137 his
610 2085 733 2154 quatuor
754 2076 869 2136 dotibus
888 2079 1025 2153 ,scriptum
1048 2080 1105 2135 est:

71 2160 244 2238 Fulgeboat
264 2165 343 2235 iusti,
366 2171 394 2223 el
416 2171 561 2241 tuaquom
582 2165 724 2224 caballos
737 2168 770 2224 ia
791 2164 970 2224 arcadiaeto
992 2163 1106 2222 dacor-

71 2244 181 2321 raet).
222 2248 401 2325 Fulgebomt,
424 2268 491 2312 ecce
506 2252 633 2327 claritas3
656 2258 684 2311 et
702 2258 847 2326 tanquam
868 2249 1017 2322 tantillae,
1039 2263 1107 2308 ecce

72 2335 225 2396 subtilitas.
258 2334 336 2396 Nihil
357 2337 488 2398 subtilius
510 2339 640 2398 scintilla.
672 2338 712 2397 Ia
734 2337 912 2436 ocuadiraeto
935 2337 1108 2407 discurrent,

73 2439 141 2483 eece
163 2419 285 2498 agilitas.
327 2422 481 2484 Discursus
503 2426 659 2500 agilitatem
681 2425 820 2500 exprimit
835 2405 919 2483 Per
946 2423 1002 2482 hoc
1030 2420 1109 2498 quod

72 2510 215 2584 sequitur:
238 2509 280 2568 Et
300 2510 493 2585 reposabant
481 2530 513 2570 aa
536 2519 696 2583 aeteruum,
719 2512 883 2586 exprimitur
902 2509 1109 2584 immortalitas,

72 2596 120 2656 vel
140 2594 363 2672 impassibilitas.
406 2597 497 2658 Dotes
519 2615 587 2658 vero
610 2601 722 2658 animae
744 2603 819 2670 sunt,
840 2598 956 2672 agnitio,
978 2595 1109 2670 dileetio,
1131 2601 1138 2616 ⁶

71 2681 177 2744 fruitio.
218 2680 326 2744 Anima
346 2683 432 2744 beata
445 2685 545 2746 Deum
567 2691 718 2761 agnoscet,
747 2685 875 2760 agnitum
897 2683 996 2759 diliget
1004 2679 1041 2762 ὅ),
1063 2681 1130 2742 di·¹

72 2769 148 2830 lecto
171 2768 288 2828 fruetur.
322 2769 394 2829 Post
414 2775 649 2832 resurrectionem
665 2771 838 2848 generalem,
857 2771 1035 2846 septenarius
1055 2771 1109 2828 iste

72 2857 192 2916 trinitati
214 2871 398 2930 personarum
420 2859 566 2935 iungetur,
595 2865 625 2919 et
643 2859 711 2919 felix
732 2864 800 2918 tunc
820 2856 867 2916 ille
890 2856 1022 2918 denarius
1048 2855 1109 2916 ele-

74 2944 128 3003 ctis
149 2944 337 3018 repromissus
355 2944 516 3020 perficietur
524 2941 555 3026 ⁶).
597 2946 659 3005 Erit
678 2951 776 3006 tamen
796 2946 826 3003 in
848 2944 953 3020 dispari
974 2943 1111 3018 claritate,

74 3046 127 3107 par
148 3028 295 3106 gaudium,
316 3037 349 3090 ut
370 3033 410 3090 ait
430 3030 624 3109 augustinum
652 3032 730 3108 quod
750 3049 809 3091 non
830 3037 875 3092 est
895 3029 1110 3107 intelligendum

74 3116 110 3176 de
140 3115 291 3176 affeedonc
320 3117 464 3192 cordium,
495 3119 547 3178 sed
584 3119 619 3179 de
648 3121 734 3179 rebus
763 3118 799 3178 de
826 3113 930 3194 quibus
960 3117 1110 3194 gaudetur.

73 3201 280 3278 Unusquisque
297 3205 337 3262 ibi
357 3205 495 3282 gaudebit
508 3205 544 3266 de
566 3205 657 3283 gloria
678 3205 803 3266 alterius.
845 3203 933 3281 Quod
954 3203 1036 3265 dotes
1058 3203 1111 3264 de·

72 3291 164 3350 beant
182 3289 348 3365 inaequales
371 3287 442 3367 csse,
464 3293 531 3352 dicit
551 3291 724 3368 Apostolos:
753 3292 844 3364 Sicut,
864 3292 963 3367 inquit,
984 3292 1069 3352 atella
1091 3307 1112 3349 a

74 3377 162 3436 stella
184 3376 324 3452 differtis
346 3380 488 3452 amatote,
510 3383 554 3440 tto
569 3383 624 3440 aar
639 3387 667 3440 et
687 3382 861 3438 resumcctio
882 3385 1071 3439 mortuoram
1079 3371 1111 3454 ²).

73 3461 277 3524 NOVICIUS:
308 3463 355 3526 De
377 3465 422 3526 die
443 3465 539 3526 iudicii
559 3466 664 3526 vellem
684 3481 761 3528 nune
788 3461 925 3547 aliquus)
955 3463 1111 3526 certificari.

93 3613 125 3682 1)
143 3611 310 3682 glorraom
328 3615 431 3670 Bo.-
450 3619 481 3686 ²)
500 3617 558 3671 Cor.
577 3617 602 3684 l,
621 3617 665 3684 15,
680 3617 773 3672 5l.-
793 3616 1052 3684 mariannam
1076 3615 1112 3668 sie

143 3691 172 3734 et
190 3682 265 3750 poulo
283 3693 398 3752 post.-
369 3688 450 3755 -4)
468 3687 517 3756 Sap
518 3690 578 3740 ient.
597 3687 622 3752 8,
640 3691 712 3740 7.-
732 3685 826 3755 5)ΒΕ
844 3687 1043 3756 agnoscit-
1066 3681 1113 3734 dl-

146 3751 243 3876 Lidglrtfl
246 3757 335 3876 lhlli)
353 3757 440 3810 blattis
458 3759 543 3822 202.
562 3757 722 3826 -7)Οοι.
740 3756 765 3822 l,
789 3756 838 3823 15,
858 3755 1021 3811 41-420-
1040 3752 1112 3823 aJB
