2524 4252
177 269 241 328 296
466 200 691 328 msuntt'um
715 263 927 328 UNDEOIMA

444 461 449 473 '
503 455 735 518 CAPITULUM
753 455 891 516 XXXII.

396 577 444 639 De
464 535 713 661 morteOoqradi
733 577 876 638 cellerarii
893 581 998 638 mosim

245 700 323 761 Auta
350 717 458 777 paucos
485 717 576 760 anuos
604 699 803 777 Heydenrieus
831 698 966 760 sacerdos
994 704 1022 759 et
1048 693 1191 760 cellerarius

181 793 277 848 noster
297 791 395 862 maior,
417 789 447 849 in
469 790 575 847 somnis
597 804 737 863 apparens
758 788 915 848 successori
927 801 980 846 sno
995 783 1134 858 Conrado,
1151 788 1190 840 tu-

181 878 275 936 nicam
295 876 439 951 propriam
449 874 474 932 ei
495 873 611 934 tradidit
629 872 812 933 induendam.
854 871 950 949 Quam
972 889 1036 932 eum
1053 871 1099 930 ille
1118 867 1190 928 indu·

181 964 258 1037 isset,
277 961 439 1020 infirmitate
459 965 642 1036 praeventus,
662 965 729 1036 post
749 957 810 1021 dies
829 976 939 1035 paucos
961 958 1104 1019 defunctus
1124 961 1168 1016 est.

498 1149 730 1211 CAPITULUM
750 1149 900 1210 xxxffl.

179 1274 228 1334 De
249 1279 344 1333 morte
361 1271 494 1332 Uooradi
515 1271 653 1330 monaehi
673 1273 769 1330 noeto-i
790 1287 877 1346 qoem
894 1269 1064 1330 Rtehwirstrs
1085 1268 1189 1329 ooeout

244 1391 378 1453 Nondum
408 1410 499 1452 annus
528 1391 641 1468 elapsus
670 1399 729 1467 est,
757 1392 834 1466 quod
854 1381 1026 1450 Lambertns
1052 1385 1189 1450 momulus

180 1486 277 1540 noster
289 1485 373 1540 noete
382 1479 535 1538 Dominioa
547 1481 577 1537 in
592 1479 679 1538 ehoro
694 1478 884 1553 obdormiens,
896 1473 1076 1538 Riohwinum
1089 1471 1189 1536 telae·

180 1568 254 1626 rium
263 1573 390 1626 nostrum
401 1573 468 1626 ante
479 1563 588 1641 aliquot
602 1583 692 1625 annos
703 1565 877 1640 defunctum,
897 1564 1018 1624 chorum
1026 1565 1122 1626 nnete
1132 1576 1189 1622 eou-

181 1655 282 1732 spexit.
312 1653 352 1712 Et
373 1671 438 1712 eum
451 1659 589 1712 annueret
601 1655 723 1712 eimanu
746 1653 853 1727 dicens,
873 1652 959 1710 frater
972 1650 1119 1710 Lamberte
1136 1647 1188 1708 veui

181 1740 266 1800 simul
286 1740 389 1800 ibimus
411 1737 449 1800 ad
470 1739 618 1816 Rhenum;
647 1738 694 1798 ille
721 1741 814 1798 sciens
843 1756 908 1798 eum
935 1734 1189 1813 mortuummare

181 1833 210 1887 et
231 1829 284 1887 ait:
308 1826 425 1886 Credite
440 1826 510 1884 mihi
530 1842 588 1885 non
608 1826 657 1885 iba
678 1826 836 1885 vobiscum.
882 1823 913 1884 A
919 1841 998 1922 quo
1022 1840 1087 1883 eum
1109 1817 1188 1896 rep-ul

179 1930 243 1974 sam
263 1919 422 1990 pateretur,
449 1912 487 1972 ad
517 1914 678 1988 oppositum
705 1911 823 1972 ehorum
850 1928 882 1970 se
911 1891 1041 1985 v‘ertens,
1069 1907 1188 1986 quendam

180 2017 278 2060 senem
299 1999 472 2059 monachum
490 1999 652 2058 conradum
667 2000 792 2074 nomine,
812 1999 861 2074 qui
883 1999 958 2076 odae
979 1987 1187 2074 quinquaginta)

180 2103 271 2146 anuos
292 2085 497 2146 militaverat·
489 2105 518 2144 sn
548 2085 661 2160 ordine,
688 2085 842 2144 similis
798 2087 880 2160 signo
907 2101 942 2144 ae
969 2083 1060 2144 verbo
1087 2081 1187 2143 voterit

181 2172 274 2250 Quem
295 2173 342 2234 ille
363 2190 431 2233 mox
451 2179 566 2232 secutus
589 2179 640 2246 est,
661 2174 776 2247 caputio
799 2172 886 2246 eapiti
911 2171 1055 2246 imposito.
1100 2165 1187 2228 Eadem

180 2261 226 2320 die
247 2267 314 2337 post
334 2276 455 2320 coenam
475 2277 540 2318 eum
561 2259 642 2318 Prior
664 2257 803 2360 quosdam
825 2275 861 2317 ex
882 2251 994 2336 nobis)
1018 2261 1147 2328 vocasset,
1166 2257 1187 2310 et

179 2347 255 2406 idem
279 2346 427 2426 Conradqs
448 2363 584 2421 praesens
606 2351 690 2420 esset,
711 2347 751 2404 ait
773 2347 798 2404 ei
819 2361 865 2403 me
887 2341 1050 2402 audiente
1042 2361 1097 2402 uam
1116 2341 1186 2400 deus

178 2433 366 2493 Lambertus:
392 2433 469 2492 Vere
492 2432 605 2491 domine
627 2429 772 2504 Conrado,
801 2447 855 2490 vos
877 2433 932 2490 eito
962 2430 1124 2490 moriemini.
1161 2425 1186 2484 In

178 2519 234 2579 hae
257 2519 331 2579 enirn
353 2519 465 2580 eueulla
485 2518 545 2578 vidi
566 2536 618 2578 voe
639 2517 695 2576 hae
710 2524 800 2596 noete
821 2515 1002 2578 Riohwinum
1030 2520 1187 2592 sequentem,

178 2607 303 2666 referens
333 2607 359 2665 ei
380 2608 519 2665 visionem
548 2604 757 2680 perordinem.
801 2603 854 2662 Cui
883 2603 929 2662 ille
958 2601 1115 2678 respondit:
1138 2599 1187 2658 Non

179 2710 256 2768 euro,
277 2693 364 2752 modo
386 2691 489 2752 vellem
508 2709 570 2750 esse
592 2699 730 2750 mortuus.
772 2689 908 2766 Sequenti
930 2691 1005 2748 enim
1028 2689 1072 2748 die
1092 2690 1113 2746 si
1132 2687 1186 2746 bene

177 2782 293 2840 memini
313 2779 447 2838 infirmari
469 2779 577 2854 eoepit,
604 2785 632 2837 et
653 2783 720 2853 post
740 2777 828 2837 breve
852 2784 965 2852 tempus
987 2775 1143 2846 defunctus,
1165 2771 1186 2827 'io

178 2866 279 2928 eadem
301 2866 414 2928 eueulla
432 2865 563 2942 sepultus
585 2870 637 2923 est.

491 3054 725 3116 OAPITULUM
746 3053 896 3114 XXXIV.

114 3191 119 3205 ¹
188 3177 350 3236 Damoeta
373 3174 508 3254 Greqorii
527 3178 664 3235 Armenii
684 3193 770 3250 quem
791 3181 888 3234 mater
909 3169 1052 3251 defuneto
1073 3173 1177 3234 uocauit

183 3296 361 3358 Femina
381 3298 523 3376 quaedam
544 3296 678 3374 religiosa
698 3295 734 3356 de
755 3295 891 3398 Armenia
916 3313 983 3356 eum
1009 3295 1068 3357 filio
1094 3300 1120 3356 et
1142 3290 1187 3350 filiu

178 3385 296 3444 veniens
319 3382 537 3460 Coloniam‚iu
559 3383 680 3446 ecelesia
708 3385 809 3442 maiori
837 3384 948 3442 ieiuniis
978 3389 1008 3444 et
1036 3379 1186 3442 orationibus

177 3469 243 3540 Deo
265 3466 466 3550 serviebant).
509 3449 677 3530 Voeabatur
697 3477 795 3528 autem
816 3468 890 3529 flius
920 3465 1011 3550 eius⁴)
1041 3467 1186 3546 Gregorius,

170 3558 263 3622 ‚homo
291 3556 411 3634 simplex
439 3563 467 3617 et
493 3553 662 3636 sacerdos)
713 3556 824 3629 Nomen
850 3563 948 3616 autem
976 3559 1081 3618 sororis
1105 3553 1186 3613 Mariu-

175 3644 261 3705 Anno
283 3649 379 3704 autem
391 3645 544 3720 praeterito
557 3649 647 3702 matre
665 3641 805 3717 defuneto,
826 3643 899 3702 infra
920 3645 1099 3704 tricenarium
1117 3640 1184 3700 eoru

195 3760 264 3832 1)Β
282 3759 561 3830 quadraginta-
529 3759 612 3827 -2)
630 3759 652 3812 E
668 3774 702 3810 ex
719 3758 933 3812 iratribus—
953 3759 986 3828 3)
1003 3757 1067 3812 111111
1083 3753 1183 3810 servis·

232 3829 356 3886 -n-bat
375 3829 407 3900 4)
424 3831 497 3887 erut
513 3827 564 3884 aii
581 3827 655 3886 BGF
674 3855 705 3872 ···
725 3823 932 3896 5)Breotus.
