2506 4254
175 261 237 322 194
508 255 736 320 DISTING'EIO
758 255 870 320 NONA

170 380 293 440 verbum
320 376 404 438 valde
425 386 600 456 commotus,
629 380 699 440 dixit
725 379 877 442 militibus:
905 376 965 454 Ite,
994 385 1023 438 et
1042 375 1184 454 suspendite

170 466 260 526 illum.
302 465 408 526 Milites
430 467 621 528 obedientiam
635 466 809 542 simulantes,
826 473 984 543 postquam
1005 467 1107 543 egressi
1124 469 1184 538 sunt,

172 553 303 612 dixerunt
323 554 360 613 ad
380 555 518 613 invicem:
547 554 579 614 Si
602 554 945 615 occiderimusiuvenem
971 554 1047 614 hune
1066 551 1184 624 neblens,

172 646 202 700 et
223 639 354 699 dominus
375 647 472 700 noster
492 643 566 700 sicut
587 641 730 718 opinabile
757 647 804 701 est
824 659 891 700 mox
903 637 920 720 ¹)
947 640 1075 700 mortuus
1102 637 1184 712 fuerit,

170 725 220 786 vel
246 733 338 786 morte
364 728 581 802 mulctabimus,
600 727 649 788 vel
676 731 778 787 erimus
801 735 935 788 extorres
979 725 1082 788 Omnia
1105 732 1184 784 tamen
1242 740 1246 790 t

169 816 268 874 iuveni
294 815 471 888 intimantes,
500 821 529 874 et
556 822 589 874 ut
614 817 791 890 praesentiae
820 813 955 874 avunculi
975 831 1007 874 se
1028 811 1185 874 subtraheret
1243 825 1246 854 ³

171 905 394 974 commonentes,
413 908 479 977 post
493 901 578 961 horas
590 901 701 976 aliquas
715 901 753 962 ad
776 902 922 962 dominum
943 918 1028 961 suum
1047 894 1185 977 ingressu),
1243 923 1244 980 3

171 993 203 1047 sc
233 989 294 1047 eius
319 986 452 1062 implesse
476 989 653 1072 'mandatum'
666 988 887 1050 affirmaverunt.
930 988 1038 1064 Quinto
1065 1001 1126 1046 vero
1148 983 1185 1043 die
1243 983 1246 1056 j,

170 1077 281 1133 iuvenis
316 1077 469 1134 aestimans
503 1075 677 1134 avunculum
705 1076 741 1135 de
781 1075 865 1152 eulpa
894 1091 957 1134 esse
986 1074 1125 1150 placatum
1147 1069 1185 1130 vel

169 1163 378 1235 immemorem,
413 1169 511 1238 aperto
547 1165 618 1220 ostio
654 1164 828 1237 introspexit.
886 1161 980 1237 Quem
1014 1167 1046 1220 ut
1078 1159 1184 1218 infirmia

172 1251 327 1324 conspexit,
347 1250 444 1308 verbis
456 1245 567 1306 blandis
581 1248 727 1308 advocans
736 1247 756 1328 ³)
778 1252 858 1308 iuxta
878 1265 910 1307 se
932 1248 1032 1308 sedere
1052 1247 1184 1324 praecepit

171 1334 237 1396 Uno
259 1351 328 1392 vero
350 1335 466 1394 brachio
489 1335 593 1394 collum
615 1337 675 1396 eius
698 1339 847 1411 stringens,
873 1342 902 1394 et
922 1352 1011 1394 manu
1032 1335 1116 1394 altera
1134 1329 1185 1390 cul-

140 1461 145 1478 .
170 1420 271 1482 tellum
299 1438 382 1480 suum
404 1421 477 1480 olam
500 1422 665 1496 extrahens,
698 1425 804 1498 gutturi
817 1425 886 1482 ¹eius
906 1421 1016 1495 infixit,
1044 1427 1072 1481 et
1093 1418 1185 1479 occidit

172 1507 230 1583 Qui
252 1524 317 1566 cum
334 1504 480 1588 planctui)
503 1517 532 1567 et
553 1508 650 1568 dolore
671 1509 824 1568 multorum
847 1509 947 1583 elatus,
969 1511 1022 1567 toti
1041 1507 1184 1584 provinciae

170 1596 289 1656 incussit
301 1595 455 1655 horrorem.
499 1595 556 1654 Sed
574 1602 603 1654 et
614 1595 795 1656 Erkenbaldo
811 1595 924 1656 additus
941 1602 985 1654 est
1006 1595 1086 1655 dolor
1104 1591 1185 1663 dolori,

171 1681 245 1741 adeo
266 1687 298 1740 nt
318 1681 509 1741 invalescente
529 1682 692 1744 infirmitate
713 1700 764 1759 pro
782 1683 926 1759 Episcopo
949 1683 1084 1755 mitteret,
1102 1687 1184 1756 petens

163 1771 284 1829 'sacrum
317 1770 370 1828 sibi
405 1786 507 1845 eorpus
543 1769 651 1828 deferri.
705 1769 762 1846 Qui
795 1787 860 1830 cum
892 1771 1031 1844 venisset,
1064 1767 1107 1826 ille
1132 1781 1184 1825 cun

170 1855 267 1914 multis
287 1855 409 1914 lacrimis
437 1864 465 1914 et
487 1858 654 1916 contritione
687 1857 779 1916 cordis
801 1860 896 1916 omnia
917 1862 1039 1931 peccata
1059 1873 1108 1914 sua
1127 1869 1184 1912 con·

170 1942 262 2004 fessus
296 1948 354 2016 est,
391 1946 478 2002 tacita
513 1949 610 2002 tamen
638 1946 748 2002 iuvenis
776 1945 979 2002 intersectione.
1028 1941 1115 2018 Super
1139 1953 1183 2013 quo

168 2028 331 2104 Episcopus
359 2033 491 2106 miratus,
527 2031 686 2106 respondit:
720 2030 815 2106 Quare
850 2031 998 2090 subticetis
1026 2025 1184 2106 parricidium

171 2116 249 2192 quod
279 2118 458 2188 commisistis
480 2119 509 2174 in
531 2123 684 2193 cognatum
705 2116 854 2176 vestrum?
904 2116 1032 2176 Dicente
1048 2115 1105 2189 illo,
1130 2113 1184 2172 iuli-

169 2215 207 2262 ne
228 2204 284 2262 hoc
304 2203 474 2277 peccatum?
497 2205 618 2264 subiecit
638 2205 811 2281 Episcopus:
841 2203 949 2276 Etiam,
979 2201 1092 2263 crudele
1110 2200 1184 2260 nimia

170 2289 209 2348 Et
228 2291 291 2350 illc:
319 2290 381 2367 Ego
404 2308 497 2366 neque
519 2298 668 2366 peccatum
691 2291 801 2367 iudico,
827 2309 921 2367 neque
942 2299 972 2349 a·
983 2289 1048 2350 Deo
1069 2289 1132 2348 mihi
1149 2302 1184 2343 re·

170 2379 244 2435 mitti
277 2376 410 2451 deposco.
467 2377 671 2452 Respondente
704 2378 864 2454 Episcopo,
899 2395 951 2455 ego
987 2378 1071 2436 vobis
1101 2371 1185 2434 Christi

55 2535 59 2548 Ι
171 2480 275 2539 corpus
296 2481 353 2522 non
374 2464 501 2538 tradam,
521 2466 575 2523 nisi
596 2465 784 2540 parricidium
799 2466 875 2525 idem
898 2463 1101 2539 confiteamini3
1130 2459 1185 2520 sub-

170 2553 261 2609 iunxit
287 2553 332 2609 vir
361 2551 475 2609 nobilis:
511 2551 613 2610 Sciatis
634 2569 680 2610 mc
704 2551 816 2612 domine
826 2547 845 2630 ⁵)
881 2551 961 2611 illurn
988 2567 1048 2610 non
1069 2548 1185 2610 occidisse

170 2655 207 2698 ex
235 2637 331 2712 aliquo
360 2637 478 2696 rancore
506 2640 567 2697 sive
594 2645 675 2698 motu
701 2642 771 2713 irae,
801 2639 852 2697 sed
881 2638 1061 2698 solummodo
1089 2655 1121 2696 ex
1143 2633 1186 2692 Dei

170 2727 279 2799 timore,
301 2724 420 2799 zeloque
435 2727 567 2784 iustitiae.
609 2725 763 2800 Nunquam
785 2725 888 2800 aliquis
909 2724 999 2784 filium
1021 2726 1120 2784 sororis
1139 2719 1187 2797 plus

170 2811 286 2889 diligere
300 2814 401 2887 potuit,
424 2829 510 2887 quam
525 2829 578 2888 ego
596 2812 677 2870 illum
691 2813 785 2871 dilexi.
828 2813 859 2872 Si
877 2812 946 2870 rnihi
967 2829 1071 2888 corpus
1091 2804 1186 2869 Domini

169 2901 228 2957 mei
248 2901 434 2976 negaveritis,
463 2916 517 2974 ego
545 2899 586 2957 illi
615 2917 718 2975 corpus
741 2907 770 2958 et
790 2902 914 2960 animam
936 2916 1031 2958 meam
1053 2897 1186 2958 committo.

170 2979 282 3065 Haec⁶)
314 2989 388 3044 eninr
411 2985 481 3044 dixit
503 2992 532 3044 et
553 2988 611 3062 egit
631 2994 747 3062 propter
769 2985 946 3060 exemplum,
974 3003 1012 3045 ne
1033 2986 1149 3045 iustitiae
1166 2983 1187 3036 tt

170 3071 275 3151 iudicio
305 3071 440 3148 derogare
468 3073 620 3131 videretur.
662 3073 721 3132 Vix
749 3076 825 3132 enirn
846 3073 977 3132 Pontifex
997 3073 1085 3132 limen
1105 3070 1188 3128 domus

171 3174 302 3234 egressus
323 3159 429 3234 suerat,
456 3166 486 3218 et
507 3177 574 3218 ecce
596 3167 729 3236 aegrotus
752 3177 818 3220 eum
838 3162 985 3220 revocavit
1008 3159 1115 3220 dicens:
1139 3153 1188 3214 Re·

170 3246 311 3302 vertimini
331 3245 445 3306 domine
465 3247 622 3322 Episcope,
654 3248 835 3306 revertimini.
877 3245 982 3309 Videte
1009 3248 1082 3305 siin
1109 3235 1187 3320 pixide

129 3349 130 3353 ¹
170 3329 302 3390 habeatis
329 3343 443 3408 corpus
461 3332 573 3392 Christi.
615 3333 701 3409 Quod
729 3351 796 3393 cum
817 3333 946 3406 lecisset,
973 3350 1028 3394 nec
1051 3327 1188 3406 aliquid'u

171 3433 207 3478 ea
228 3419 392 3494 reperisset,
414 3420 558 3480 subiunxit
578 3420 640 3483 ille:
667 3421 759 3496 Ecca,
781 3439 867 3496 quern
888 3419 958 3478 mihi
978 3421 1113 3496 negastis,
1137 3416 1188 3488 ipse

170 3522 202 3566 se
223 3503 293 3564 mihi
314 3521 371 3564 non
385 3510 509 3582 negavit.
537 3507 736 3584 Apparuitque
757 3508 852 3568 hostia
872 3509 901 3565 in
923 3523 973 3567 ore
995 3509 1064 3567 eius.
1090 3503 1125 3562 Et
1141 3502 1188 3558 im·

187 3694 220 3763 1)
237 3708 306 3746 mox
323 3691 396 3744 abest
412 3708 428 3744 a
445 3691 522 3743 libris.
541 3723 572 3732 -
592 3693 624 3762 2)
643 3693 683 3746 Bc
700 3696 856 3762 regressi.
877 3723 907 3734 -
928 3693 959 3757 a]
978 3691 1132 3744 advocans
1148 3679 1188 3735 adl

238 3761 287 3815 BG.
308 3792 338 3802 -
358 3764 390 3830 l)
409 3763 429 3813 B
451 3762 586 3829 planctu
610 3779 729 3831 magno.
750 3794 780 3808 ψ
800 3765 831 3832 5)
849 3763 888 3816 Cl'
905 3761 1033 3816 domine
1050 3775 1102 3814 me.
1120 3785 1145 3798 ν
1162 3751 1186 3816 6)

238 3832 345 3888 Bhae.
380 3832 510 3897 conhlll,
528 3833 569 3886 22.

1240 327 1242 398 Ν
