<?xml version="1.0" encoding="UTF-8"?>
<!DOCTYPE html PUBLIC "-//W3C//DTD XHTML 1.0 Transitional//EN"
    "http://www.w3.org/TR/xhtml1/DTD/xhtml1-transitional.dtd">
<html xmlns="http://www.w3.org/1999/xhtml" xml:lang="en" lang="en">
 <head>
  <title>
</title>
<meta http-equiv="Content-Type" content="text/html;charset=utf-8" />
  <meta name='ocr-system' content='tesseract 3.04.00' />
  <meta name='ocr-capabilities' content='ocr_page ocr_carea ocr_par ocr_line ocrx_word'/>
</head>
<body>
  <div class='ocr_page' id='page_1' title='image "./caesariiheister02stragoog_0352.png"; bbox 0 0 2524 4252; ppageno 0'>
   <div class='ocr_carea' id='block_1_1' title="bbox 335 254 1175 328">
    <p class='ocr_par' dir='ltr' id='par_1_1' title="bbox 335 254 1175 328">
     <span class='ocr_line' id='line_1_1' title="bbox 335 254 1175 328; baseline 0.001 -6"><span class='ocrx_word' id='word_1_1' title='bbox 335 259 390 322; x_wconf 85' lang='lat' dir='ltr'><strong>DE</strong></span> <span class='ocrx_word' id='word_1_2' title='bbox 411 261 592 324; x_wconf 83' lang='lat' dir='ltr'><strong>PRAEMIO</strong></span> <span class='ocrx_word' id='word_1_3' title='bbox 615 261 881 328; x_wconf 84' lang='lat' dir='ltr'><strong>MORTUORUM.</strong></span> <span class='ocrx_word' id='word_1_4' title='bbox 1060 263 1121 323; x_wconf 75' lang='lat'><strong>343</strong></span> <span class='ocrx_word' id='word_1_5' title='bbox 1169 254 1175 264; x_wconf 79' lang='lat'>&#39;</span> 
     </span>
    </p>
   </div>
   <div class='ocr_carea' id='block_1_2' title="bbox 80 381 1124 1310">
    <p class='ocr_par' dir='ltr' id='par_1_2' title="bbox 80 381 1124 1310">
     <span class='ocr_line' id='line_1_2' title="bbox 82 381 1123 460; baseline 0 -18"><span class='ocrx_word' id='word_1_6' title='bbox 82 399 155 442; x_wconf 83' lang='lat' dir='ltr'><strong>mox</strong></span> <span class='ocrx_word' id='word_1_7' title='bbox 176 381 327 443; x_wconf 90' lang='lat' dir='ltr'><strong>liberabor.</strong></span> <span class='ocrx_word' id='word_1_8' title='bbox 358 381 488 443; x_wconf 88' lang='lat' dir='ltr'><strong>Audiens</strong></span> <span class='ocrx_word' id='word_1_9' title='bbox 509 382 582 442; x_wconf 89' lang='lat' dir='ltr'><strong>haec</strong></span> <span class='ocrx_word' id='word_1_10' title='bbox 598 399 761 456; x_wconf 87' lang='lat' dir='ltr'><strong>conversus,</strong></span> <span class='ocrx_word' id='word_1_11' title='bbox 783 400 849 442; x_wconf 88' lang='lat' dir='ltr'><strong>cum</strong></span> <span class='ocrx_word' id='word_1_12' title='bbox 861 382 975 442; x_wconf 85' lang='lat' dir='ltr'><strong>licentia</strong></span> <span class='ocrx_word' id='word_1_13' title='bbox 996 385 1123 460; x_wconf 83' lang='lat' dir='ltr'>magistri</span> 
     </span>
     <span class='ocr_line' id='line_1_3' title="bbox 82 468 1124 545; baseline 0 -17"><span class='ocrx_word' id='word_1_14' title='bbox 82 471 132 528; x_wconf 90' lang='lat' dir='ltr'><strong>sui</strong></span> <span class='ocrx_word' id='word_1_15' title='bbox 160 468 199 528; x_wconf 89' lang='lat' dir='ltr'><strong>ad</strong></span> <span class='ocrx_word' id='word_1_16' title='bbox 230 469 448 530; x_wconf 73' lang='lat' dir='ltr'><strong>claramvallem</strong></span> <span class='ocrx_word' id='word_1_17' title='bbox 477 471 635 545; x_wconf 81' lang='lat' dir='ltr'><strong>festinavit,</strong></span> <span class='ocrx_word' id='word_1_18' title='bbox 658 470 777 544; x_wconf 87' lang='lat' dir='ltr'><strong>etquid</strong></span> <span class='ocrx_word' id='word_1_19' title='bbox 803 470 906 529; x_wconf 88' lang='lat' dir='ltr'><strong>viderit</strong></span> <span class='ocrx_word' id='word_1_20' title='bbox 933 469 981 528; x_wconf 90' lang='lat' dir='ltr'><strong>vel</strong></span> <span class='ocrx_word' id='word_1_21' title='bbox 1002 469 1124 529; x_wconf 90' lang='lat' dir='ltr'><strong>audierit</strong></span> 
     </span>
     <span class='ocr_line' id='line_1_4' title="bbox 81 555 1123 632; baseline 0.002 -18"><span class='ocrx_word' id='word_1_22' title='bbox 81 555 179 615; x_wconf 86' lang='lat' dir='ltr'><strong>Priori</strong></span> <span class='ocrx_word' id='word_1_23' title='bbox 199 555 342 631; x_wconf 82' lang='lat' dir='ltr'><strong>revelans,</strong></span> <span class='ocrx_word' id='word_1_24' title='bbox 367 563 425 616; x_wconf 91' lang='lat' dir='ltr'><strong>tres</strong></span> <span class='ocrx_word' id='word_1_25' title='bbox 446 559 547 616; x_wconf 91' lang='lat' dir='ltr'><strong>missas</strong></span> <span class='ocrx_word' id='word_1_26' title='bbox 569 559 626 615; x_wconf 90' lang='lat' dir='ltr'><strong>iam</strong></span> <span class='ocrx_word' id='word_1_27' title='bbox 649 555 723 616; x_wconf 90' lang='lat' dir='ltr'><strong>dicto</strong></span> <span class='ocrx_word' id='word_1_28' title='bbox 744 556 870 632; x_wconf 92' lang='lat' dir='ltr'><strong>impendi</strong></span> <span class='ocrx_word' id='word_1_29' title='bbox 900 555 1033 615; x_wconf 82' lang='lat' dir='ltr'><strong>defuncto</strong></span> <span class='ocrx_word' id='word_1_30' title='bbox 1062 559 1123 616; x_wconf 88' lang='lat' dir='ltr'><strong>eius</strong></span> 
     </span>
     <span class='ocr_line' id='line_1_5' title="bbox 82 642 1122 720; baseline -0.001 -18"><span class='ocrx_word' id='word_1_31' title='bbox 82 645 181 720; x_wconf 84' lang='lat' dir='ltr'><strong>gratia</strong></span> <span class='ocrx_word' id='word_1_32' title='bbox 207 642 387 720; x_wconf 77' lang='lat' dir='ltr'><strong>supplicavit.</strong></span> <span class='ocrx_word' id='word_1_33' title='bbox 436 643 491 702; x_wconf 83' lang='lat' dir='ltr'><strong>Cui</strong></span> <span class='ocrx_word' id='word_1_34' title='bbox 516 643 598 703; x_wconf 89' lang='lat' dir='ltr'><strong>Prior</strong></span> <span class='ocrx_word' id='word_1_35' title='bbox 625 649 770 720; x_wconf 83' lang='lat' dir='ltr'><strong>gratanter</strong></span> <span class='ocrx_word' id='word_1_36' title='bbox 800 660 929 702; x_wconf 85' lang='lat' dir='ltr'><strong>annuens</strong></span> <span class='ocrx_word' id='word_1_37' title='bbox 963 642 1122 718; x_wconf 83' lang='lat' dir='ltr'><strong>respondit:</strong></span> 
     </span>
     <span class='ocr_line' id='line_1_6' title="bbox 81 727 1124 818; baseline 0 -30"><span class='ocrx_word' id='word_1_38' title='bbox 81 727 151 808; x_wconf 81' lang='lat' dir='ltr'><strong>Ego</strong></span> <span class='ocrx_word' id='word_1_39' title='bbox 172 747 261 788; x_wconf 90' lang='lat' dir='ltr'><strong>uuam</strong></span> <span class='ocrx_word' id='word_1_40' title='bbox 283 728 451 805; x_wconf 81' lang='lat' dir='ltr'><strong>celebrabo,</strong></span> <span class='ocrx_word' id='word_1_41' title='bbox 479 727 577 809; x_wconf 84' lang='lat' dir='ltr'><strong>alias¹)</strong></span> <span class='ocrx_word' id='word_1_42' title='bbox 606 730 718 790; x_wconf 90' lang='lat' dir='ltr'><strong>duobus</strong></span> <span class='ocrx_word' id='word_1_43' title='bbox 747 729 944 818; x_wconf 39' lang='lat' dir='ltr'><strong>sacerdotibus!</strong></span> <span class='ocrx_word' id='word_1_44' title='bbox 968 732 1124 806; x_wconf 85' lang='lat' dir='ltr'><strong>iniungam.</strong></span> 
     </span>
     <span class='ocr_line' id='line_1_7' title="bbox 81 815 1123 892; baseline 0.002 -18"><span class='ocrx_word' id='word_1_45' title='bbox 81 815 181 876; x_wconf 89' lang='lat' dir='ltr'><strong>Dictis</strong></span> <span class='ocrx_word' id='word_1_46' title='bbox 202 832 271 876; x_wconf 88' lang='lat' dir='ltr'><strong>vero</strong></span> <span class='ocrx_word' id='word_1_47' title='bbox 293 818 385 876; x_wconf 88' lang='lat' dir='ltr'><strong>missis</strong></span> <span class='ocrx_word' id='word_1_48' title='bbox 399 822 529 877; x_wconf 88' lang='lat' dir='ltr'><strong>mortuus</strong></span> <span class='ocrx_word' id='word_1_49' title='bbox 541 819 644 876; x_wconf 90' lang='lat' dir='ltr'><strong>iterum</strong></span> <span class='ocrx_word' id='word_1_50' title='bbox 666 833 804 876; x_wconf 88' lang='lat' dir='ltr'><strong>converso</strong></span> <span class='ocrx_word' id='word_1_51' title='bbox 826 833 966 892; x_wconf 87' lang='lat' dir='ltr'><strong>apparens</strong></span> <span class='ocrx_word' id='word_1_52' title='bbox 988 818 1017 875; x_wconf 92' lang='lat' dir='ltr'><strong>in</strong></span> <span class='ocrx_word' id='word_1_53' title='bbox 1037 833 1123 892; x_wconf 90' lang='lat' dir='ltr'><strong>prae-</strong></span> 
     </span>
     <span class='ocr_line' id='line_1_8' title="bbox 83 901 1123 980; baseline 0 -18"><span class='ocrx_word' id='word_1_54' title='bbox 83 901 164 963; x_wconf 86' lang='lat' dir='ltr'><strong>dicto</strong></span> <span class='ocrx_word' id='word_1_55' title='bbox 187 919 273 980; x_wconf 85' lang='lat' dir='ltr'><strong>agro,</strong></span> <span class='ocrx_word' id='word_1_56' title='bbox 300 905 407 980; x_wconf 69' lang='lat' dir='ltr'><strong>gratim</strong></span> <span class='ocrx_word' id='word_1_57' title='bbox 436 905 495 980; x_wconf 79' lang='lat' dir='ltr'><strong>egit</strong></span> <span class='ocrx_word' id='word_1_58' title='bbox 522 909 551 962; x_wconf 89' lang='lat' dir='ltr'><strong>et</strong></span> <span class='ocrx_word' id='word_1_59' title='bbox 580 902 662 962; x_wconf 85' lang='lat' dir='ltr'><strong>dixit:</strong></span> <span class='ocrx_word' id='word_1_60' title='bbox 690 903 834 962; x_wconf 86' lang='lat' dir='ltr'><strong>Beneficio</strong></span> <span class='ocrx_word' id='word_1_61' title='bbox 859 907 944 961; x_wconf 90' lang='lat' dir='ltr'><strong>trium</strong></span> <span class='ocrx_word' id='word_1_62' title='bbox 972 905 1123 963; x_wconf 89' lang='lat' dir='ltr'><strong>missarum</strong></span> 
     </span>
     <span class='ocr_line' id='line_1_9' title="bbox 82 989 1123 1066; baseline -0.001 -17"><span class='ocrx_word' id='word_1_63' title='bbox 82 1006 163 1066; x_wconf 88' lang='lat' dir='ltr'><strong>quae</strong></span> <span class='ocrx_word' id='word_1_64' title='bbox 184 1007 236 1066; x_wconf 92' lang='lat' dir='ltr'><strong>pro</strong></span> <span class='ocrx_word' id='word_1_65' title='bbox 258 1007 304 1050; x_wconf 91' lang='lat' dir='ltr'><strong>me</strong></span> <span class='ocrx_word' id='word_1_66' title='bbox 326 989 419 1050; x_wconf 91' lang='lat' dir='ltr'><strong>dictae</strong></span> <span class='ocrx_word' id='word_1_67' title='bbox 440 997 522 1065; x_wconf 90' lang='lat' dir='ltr'><strong>sunt,</strong></span> <span class='ocrx_word' id='word_1_68' title='bbox 551 990 589 1049; x_wconf 90' lang='lat' dir='ltr'><strong>ab</strong></span> <span class='ocrx_word' id='word_1_69' title='bbox 612 991 743 1050; x_wconf 90' lang='lat' dir='ltr'><strong>omnibus</strong></span> <span class='ocrx_word' id='word_1_70' title='bbox 764 993 864 1066; x_wconf 91' lang='lat' dir='ltr'><strong>poenis</strong></span> <span class='ocrx_word' id='word_1_71' title='bbox 888 993 959 1048; x_wconf 90' lang='lat' dir='ltr'><strong>meis</strong></span> <span class='ocrx_word' id='word_1_72' title='bbox 986 989 1123 1050; x_wconf 88' lang='lat' dir='ltr'><strong>liberatus</strong></span> 
     </span>
     <span class='ocr_line' id='line_1_10' title="bbox 82 1076 1123 1152; baseline -0.001 -16"><span class='ocrx_word' id='word_1_73' title='bbox 82 1093 160 1136; x_wconf 88' lang='lat' dir='ltr'><strong>sum.</strong></span> <span class='ocrx_word' id='word_1_74' title='bbox 203 1076 265 1136; x_wconf 88' lang='lat' dir='ltr'><strong>Neo</strong></span> <span class='ocrx_word' id='word_1_75' title='bbox 293 1079 387 1136; x_wconf 77' lang='lat' dir='ltr'><strong>mbari</strong></span> <span class='ocrx_word' id='word_1_76' title='bbox 414 1077 502 1137; x_wconf 84' lang='lat' dir='ltr'><strong>debes</strong></span> <span class='ocrx_word' id='word_1_77' title='bbox 531 1079 554 1136; x_wconf 89' lang='lat' dir='ltr'><strong>si</strong></span> <span class='ocrx_word' id='word_1_78' title='bbox 583 1083 694 1137; x_wconf 71' lang='lat' dir='ltr'><strong>mutum</strong></span> <span class='ocrx_word' id='word_1_79' title='bbox 722 1077 799 1137; x_wconf 90' lang='lat' dir='ltr'><strong>valet</strong></span> <span class='ocrx_word' id='word_1_80' title='bbox 826 1077 970 1136; x_wconf 91' lang='lat' dir='ltr'><strong>Dominici</strong></span> <span class='ocrx_word' id='word_1_81' title='bbox 999 1079 1123 1152; x_wconf 89' lang='lat' dir='ltr'><strong>corporis</strong></span> 
     </span>
     <span class='ocr_line' id='line_1_11' title="bbox 80 1161 1124 1240; baseline 0 -18"><span class='ocrx_word' id='word_1_82' title='bbox 80 1161 260 1237; x_wconf 85' lang='lat' dir='ltr'><strong>immolatio,</strong></span> <span class='ocrx_word' id='word_1_83' title='bbox 289 1180 356 1222; x_wconf 90' lang='lat' dir='ltr'><strong>cum</strong></span> <span class='ocrx_word' id='word_1_84' title='bbox 376 1163 548 1238; x_wconf 87' lang='lat' dir='ltr'><strong>quibusdam</strong></span> <span class='ocrx_word' id='word_1_85' title='bbox 575 1165 725 1224; x_wconf 84' lang='lat' dir='ltr'><strong>animabus</strong></span> <span class='ocrx_word' id='word_1_86' title='bbox 746 1163 784 1224; x_wconf 91' lang='lat' dir='ltr'><strong>ad</strong></span> <span class='ocrx_word' id='word_1_87' title='bbox 810 1163 1006 1224; x_wconf 90' lang='lat' dir='ltr'><strong>liberationem</strong></span> <span class='ocrx_word' id='word_1_88' title='bbox 1034 1166 1124 1240; x_wconf 91' lang='lat' dir='ltr'><strong>prosit</strong></span> 
     </span>
     <span class='ocr_line' id='line_1_12' title="bbox 81 1249 592 1310; baseline -0.012 0"><span class='ocrx_word' id='word_1_89' title='bbox 81 1249 183 1310; x_wconf 87' lang='lat' dir='ltr'><strong>brevis</strong></span> <span class='ocrx_word' id='word_1_90' title='bbox 203 1251 357 1310; x_wconf 88' lang='lat' dir='ltr'><strong>verborum</strong></span> <span class='ocrx_word' id='word_1_91' title='bbox 378 1251 530 1310; x_wconf 88' lang='lat' dir='ltr'><strong>absolutio.</strong></span> <span class='ocrx_word' id='word_1_92' title='bbox 588 1299 592 1304; x_wconf 85' lang='lat'>.</span> 
     </span>
    </p>
   </div>
   <div class='ocr_carea' id='block_1_3' title="bbox 138 1439 1075 1640">
    <p class='ocr_par' dir='ltr' id='par_1_3' title="bbox 138 1439 1075 1640">
     <span class='ocr_line' id='line_1_13' title="bbox 247 1439 805 1508; baseline 0 -9"><span class='ocrx_word' id='word_1_93' title='bbox 247 1503 249 1508; x_wconf 65' lang='grc'><em>,</em></span> <span class='ocrx_word' id='word_1_94' title='bbox 402 1439 634 1502; x_wconf 80' lang='lat' dir='ltr'><strong>CAPITULUM</strong></span> <span class='ocrx_word' id='word_1_95' title='bbox 654 1441 805 1502; x_wconf 89' lang='lat' dir='ltr'>XXXIV.</span> 
     </span>
     <span class='ocr_line' id='line_1_14' title="bbox 138 1525 1075 1640; baseline -0.003 -16"><span class='ocrx_word' id='word_1_96' title='bbox 138 1562 188 1624; x_wconf 84' lang='lat' dir='ltr'><strong>De</strong></span> <span class='ocrx_word' id='word_1_97' title='bbox 204 1565 384 1640; x_wconf 80' lang='lat' dir='ltr'><strong>purputorio</strong></span> <span class='ocrx_word' id='word_1_98' title='bbox 407 1563 566 1624; x_wconf 75' lang='lat' dir='ltr'><strong>Christiani</strong></span> <span class='ocrx_word' id='word_1_99' title='bbox 586 1564 724 1622; x_wconf 78' lang='lat' dir='ltr'><strong>monaehi</strong></span> <span class='ocrx_word' id='word_1_100' title='bbox 752 1564 844 1622; x_wconf 81' lang='lat' dir='ltr'><strong>Vallis</strong></span> <span class='ocrx_word' id='word_1_101' title='bbox 865 1566 960 1622; x_wconf 82' lang='lat' dir='ltr'><strong>saneti</strong></span> <span class='ocrx_word' id='word_1_102' title='bbox 977 1525 1075 1622; x_wconf 20' lang='lat' dir='ltr'><strong>‘Petri</strong></span> 
     </span>
    </p>
   </div>
   <div class='ocr_carea' id='block_1_4' title="bbox 78 1678 1141 2889">
    <p class='ocr_par' dir='ltr' id='par_1_4' title="bbox 78 1678 1141 2889">
     <span class='ocr_line' id='line_1_15' title="bbox 151 1678 1123 1766; baseline -0.001 -22"><span class='ocrx_word' id='word_1_103' title='bbox 151 1678 255 1766; x_wconf 73' lang='lat' dir='ltr'><strong>(luur&#39;)</strong></span> <span class='ocrx_word' id='word_1_104' title='bbox 283 1690 440 1745; x_wconf 90' lang='lat' dir='ltr'><strong>moreretur</strong></span> <span class='ocrx_word' id='word_1_105' title='bbox 463 1685 556 1744; x_wconf 90' lang='lat' dir='ltr'><strong>bonae</strong></span> <span class='ocrx_word' id='word_1_106' title='bbox 585 1687 739 1744; x_wconf 85' lang='lat' dir='ltr'><strong>memoriae</strong></span> <span class='ocrx_word' id='word_1_107' title='bbox 761 1683 937 1744; x_wconf 76' lang='lat' dir='ltr'><strong>Christianus</strong></span> <span class='ocrx_word' id='word_1_108' title='bbox 965 1682 1123 1762; x_wconf 86' lang='lat' dir='ltr'><strong>monachus</strong></span> 
     </span>
     <span class='ocr_line' id='line_1_16' title="bbox 81 1770 1123 1847; baseline -0.002 -17"><span class='ocrx_word' id='word_1_109' title='bbox 81 1775 191 1846; x_wconf 85' lang='lat' dir='ltr'><strong>noster,</strong></span> <span class='ocrx_word' id='word_1_110' title='bbox 213 1774 293 1831; x_wconf 90' lang='lat' dir='ltr'><strong>cuius</strong></span> <span class='ocrx_word' id='word_1_111' title='bbox 313 1773 429 1831; x_wconf 88' lang='lat' dir='ltr'><strong>memini</strong></span> <span class='ocrx_word' id='word_1_112' title='bbox 447 1773 476 1830; x_wconf 92' lang='lat' dir='ltr'><strong>in</strong></span> <span class='ocrx_word' id='word_1_113' title='bbox 499 1771 678 1832; x_wconf 90' lang='lat' dir='ltr'><strong>distinctione</strong></span> <span class='ocrx_word' id='word_1_114' title='bbox 701 1777 802 1847; x_wconf 86' lang='lat' dir='ltr'><strong>quarta</strong></span> <span class='ocrx_word' id='word_1_115' title='bbox 823 1770 948 1846; x_wconf 89' lang='lat' dir='ltr'><strong>capitulo</strong></span> <span class='ocrx_word' id='word_1_116' title='bbox 970 1772 1123 1844; x_wconf 88' lang='lat' dir='ltr'><strong>tricesimo,</strong></span> 
     </span>
     <span class='ocr_line' id='line_1_17' title="bbox 82 1855 1121 1934; baseline 0.001 -19"><span class='ocrx_word' id='word_1_117' title='bbox 82 1855 189 1917; x_wconf 85' lang='lat' dir='ltr'><strong>Abbas</strong></span> <span class='ocrx_word' id='word_1_118' title='bbox 212 1856 362 1918; x_wconf 84' lang='lat' dir='ltr'><strong>Gevardus</strong></span> <span class='ocrx_word' id='word_1_119' title='bbox 385 1858 461 1918; x_wconf 91' lang='lat' dir='ltr'><strong>domi</strong></span> <span class='ocrx_word' id='word_1_120' title='bbox 482 1876 540 1918; x_wconf 91' lang='lat' dir='ltr'><strong>non</strong></span> <span class='ocrx_word' id='word_1_121' title='bbox 560 1859 621 1917; x_wconf 82' lang='lat' dir='ltr'><strong>tuit</strong></span> <span class='ocrx_word' id='word_1_122' title='bbox 664 1857 721 1934; x_wconf 86' lang='lat' dir='ltr'><strong>Qui</strong></span> <span class='ocrx_word' id='word_1_123' title='bbox 748 1875 814 1918; x_wconf 90' lang='lat' dir='ltr'><strong>cum</strong></span> <span class='ocrx_word' id='word_1_124' title='bbox 843 1861 970 1934; x_wconf 85' lang='lat' dir='ltr'><strong>septima</strong></span> <span class='ocrx_word' id='word_1_125' title='bbox 994 1857 1039 1916; x_wconf 89' lang='lat' dir='ltr'><strong>die</strong></span> <span class='ocrx_word' id='word_1_126' title='bbox 1062 1855 1121 1916; x_wconf 78' lang='lat' dir='ltr'><strong>Oa·</strong></span> 
     </span>
     <span class='ocr_line' id='line_1_18' title="bbox 82 1943 1141 2021; baseline 0 -19"><span class='ocrx_word' id='word_1_127' title='bbox 82 1943 176 2021; x_wconf 84' lang='lat' dir='ltr'><strong>pindo</strong></span> <span class='ocrx_word' id='word_1_128' title='bbox 198 1946 386 2021; x_wconf 86' lang='lat' dir='ltr'><strong>praesideret,</strong></span> <span class='ocrx_word' id='word_1_129' title='bbox 409 1951 438 2004; x_wconf 90' lang='lat' dir='ltr'><strong>et</strong></span> <span class='ocrx_word' id='word_1_130' title='bbox 459 1951 557 2004; x_wconf 91' lang='lat' dir='ltr'><strong>cantor</strong></span> <span class='ocrx_word' id='word_1_131' title='bbox 578 1945 684 2005; x_wconf 88' lang='lat' dir='ltr'><strong>diceret</strong></span> <span class='ocrx_word' id='word_1_132' title='bbox 706 1945 864 2004; x_wconf 90' lang='lat' dir='ltr'><strong>secundum</strong></span> <span class='ocrx_word' id='word_1_133' title='bbox 887 1943 1141 2008; x_wconf 79' lang='lat' dir='ltr'><strong>consuetudinem</strong></span> 
     </span>
     <span class='ocr_line' id='line_1_19' title="bbox 83 2029 1121 2109; baseline -0.002 -19"><span class='ocrx_word' id='word_1_134' title='bbox 83 2029 209 2108; x_wconf 89' lang='lat' dir='ltr'><strong>ordinis,</strong></span> <span class='ocrx_word' id='word_1_135' title='bbox 244 2029 358 2092; x_wconf 90' lang='lat' dir='ltr'><strong>dominc</strong></span> <span class='ocrx_word' id='word_1_136' title='bbox 384 2033 525 2092; x_wconf 87' lang='lat' dir='ltr'><strong>absolvite</strong></span> <span class='ocrx_word' id='word_1_137' title='bbox 553 2032 668 2092; x_wconf 80' lang='lat' dir='ltr'><strong>fratrem</strong></span> <span class='ocrx_word' id='word_1_138' title='bbox 696 2039 825 2092; x_wconf 91' lang='lat' dir='ltr'><strong>nostrum</strong></span> <span class='ocrx_word' id='word_1_139' title='bbox 862 2032 1046 2109; x_wconf 64' lang='lat' dir='ltr'><strong>defunctum,</strong></span> <span class='ocrx_word' id='word_1_140' title='bbox 1077 2031 1121 2089; x_wconf 90' lang='lat' dir='ltr'><strong>his</strong></span> 
     </span>
     <span class='ocr_line' id='line_1_20' title="bbox 82 2117 1120 2195; baseline 0 -19"><span class='ocrx_word' id='word_1_141' title='bbox 82 2117 181 2177; x_wconf 88' lang='lat' dir='ltr'><strong>verbis</strong></span> <span class='ocrx_word' id='word_1_142' title='bbox 210 2134 278 2177; x_wconf 89' lang='lat' dir='ltr'><strong>eum</strong></span> <span class='ocrx_word' id='word_1_143' title='bbox 313 2117 450 2178; x_wconf 89' lang='lat' dir='ltr'><strong>absolvit:</strong></span> <span class='ocrx_word' id='word_1_144' title='bbox 486 2119 660 2194; x_wconf 88' lang='lat' dir='ltr'><strong>Requiesoat</strong></span> <span class='ocrx_word' id='word_1_145' title='bbox 691 2121 721 2178; x_wconf 91' lang='lat' dir='ltr'><strong>in</strong></span> <span class='ocrx_word' id='word_1_146' title='bbox 755 2135 836 2195; x_wconf 89' lang='lat' dir='ltr'><strong>paca.</strong></span> <span class='ocrx_word' id='word_1_147' title='bbox 892 2117 1002 2177; x_wconf 87' lang='lat' dir='ltr'><strong>Eadem</strong></span> <span class='ocrx_word' id='word_1_148' title='bbox 1036 2124 1120 2176; x_wconf 91' lang='lat' dir='ltr'><strong>noete</strong></span> 
     </span>
     <span class='ocr_line' id='line_1_21' title="bbox 84 2199 1120 2283; baseline -0.002 -19"><span class='ocrx_word' id='word_1_149' title='bbox 84 2199 263 2264; x_wconf 78' lang='lat' dir='ltr'><strong>Christianus</strong></span> <span class='ocrx_word' id='word_1_150' title='bbox 291 2204 405 2265; x_wconf 87' lang='lat' dir='ltr'><strong>cuidem</strong></span> <span class='ocrx_word' id='word_1_151' title='bbox 432 2209 536 2274; x_wconf 83' lang='lat' dir='ltr'><strong>seniori</strong></span> <span class='ocrx_word' id='word_1_152' title='bbox 562 2207 730 2283; x_wconf 88' lang='lat' dir='ltr'><strong>presbytero</strong></span> <span class='ocrx_word' id='word_1_153' title='bbox 752 2209 866 2266; x_wconf 92' lang='lat' dir='ltr'><strong>nomine</strong></span> <span class='ocrx_word' id='word_1_154' title='bbox 888 2204 1020 2282; x_wconf 89' lang='lat' dir='ltr'><strong>Sylrido,</strong></span> <span class='ocrx_word' id='word_1_155' title='bbox 1052 2211 1120 2263; x_wconf 89' lang='lat' dir='ltr'><strong>tunc</strong></span> 
     </span>
     <span class='ocr_line' id='line_1_22' title="bbox 78 2289 1120 2370; baseline -0.001 -20"><span class='ocrx_word' id='word_1_156' title='bbox 78 2289 220 2367; x_wconf 75' lang='lat' dir='ltr'><strong>&#39;temporis</strong></span> <span class='ocrx_word' id='word_1_157' title='bbox 241 2293 368 2367; x_wconf 87' lang='lat' dir='ltr'><strong>novicio,</strong></span> <span class='ocrx_word' id='word_1_158' title='bbox 383 2298 426 2370; x_wconf 81' lang='lat' dir='ltr'><strong>et</strong></span> <span class='ocrx_word' id='word_1_159' title='bbox 445 2292 516 2351; x_wconf 91' lang='lat' dir='ltr'><strong>nihil</strong></span> <span class='ocrx_word' id='word_1_160' title='bbox 535 2310 651 2370; x_wconf 88' lang='lat' dir='ltr'><strong>prorsus</strong></span> <span class='ocrx_word' id='word_1_161' title='bbox 673 2292 708 2352; x_wconf 94' lang='lat' dir='ltr'><strong>de</strong></span> <span class='ocrx_word' id='word_1_162' title='bbox 729 2292 785 2353; x_wconf 85' lang='lat' dir='ltr'><strong>hac</strong></span> <span class='ocrx_word' id='word_1_163' title='bbox 806 2292 985 2352; x_wconf 87' lang='lat' dir='ltr'><strong>absolutione</strong></span> <span class='ocrx_word' id='word_1_164' title='bbox 1007 2293 1120 2366; x_wconf 86' lang='lat' dir='ltr'><strong>scienti,</strong></span> 
     </span>
     <span class='ocr_line' id='line_1_23' title="bbox 82 2374 1119 2460; baseline -0.001 -23"><span class='ocrx_word' id='word_1_165' title='bbox 82 2394 228 2454; x_wconf 86' lang='lat' dir='ltr'><strong>apparens</strong></span> <span class='ocrx_word' id='word_1_166' title='bbox 254 2379 284 2436; x_wconf 92' lang='lat' dir='ltr'><strong>in</strong></span> <span class='ocrx_word' id='word_1_167' title='bbox 312 2374 447 2460; x_wconf 77' lang='lat' dir='ltr'><strong>somnis⁸)</strong></span> <span class='ocrx_word' id='word_1_168' title='bbox 479 2382 533 2438; x_wconf 85' lang='lat' dir='ltr'><strong>ait:</strong></span> <span class='ocrx_word' id='word_1_169' title='bbox 560 2379 655 2440; x_wconf 91' lang='lat' dir='ltr'><strong>Hodie</strong></span> <span class='ocrx_word' id='word_1_170' title='bbox 680 2379 817 2440; x_wconf 90' lang='lat' dir='ltr'><strong>liberatus</strong></span> <span class='ocrx_word' id='word_1_171' title='bbox 843 2398 915 2438; x_wconf 90' lang='lat' dir='ltr'><strong>sum.</strong></span> <span class='ocrx_word' id='word_1_172' title='bbox 967 2378 1023 2455; x_wconf 87' lang='lat' dir='ltr'><strong>Qui</strong></span> <span class='ocrx_word' id='word_1_173' title='bbox 1053 2395 1119 2438; x_wconf 89' lang='lat' dir='ltr'><strong>cum</strong></span> 
     </span>
     <span class='ocr_line' id='line_1_24' title="bbox 81 2465 1121 2542; baseline -0.001 -18"><span class='ocrx_word' id='word_1_174' title='bbox 81 2465 224 2524; x_wconf 86' lang='lat' dir='ltr'><strong>visionem</strong></span> <span class='ocrx_word' id='word_1_175' title='bbox 250 2467 386 2542; x_wconf 89' lang='lat' dir='ltr'><strong>magistro</strong></span> <span class='ocrx_word' id='word_1_176' title='bbox 416 2483 468 2526; x_wconf 88' lang='lat' dir='ltr'><strong>suo</strong></span> <span class='ocrx_word' id='word_1_177' title='bbox 490 2465 643 2542; x_wconf 89' lang='lat' dir='ltr'><strong>Ludolpho</strong></span> <span class='ocrx_word' id='word_1_178' title='bbox 671 2469 835 2541; x_wconf 86' lang='lat' dir='ltr'><strong>recitasset,</strong></span> <span class='ocrx_word' id='word_1_179' title='bbox 859 2466 905 2526; x_wconf 93' lang='lat' dir='ltr'><strong>ille</strong></span> <span class='ocrx_word' id='word_1_180' title='bbox 933 2465 1121 2525; x_wconf 87' lang='lat' dir='ltr'><strong>absolutionis</strong></span> 
     </span>
     <span class='ocr_line' id='line_1_25' title="bbox 83 2549 1119 2628; baseline -0.001 -17"><span class='ocrx_word' id='word_1_181' title='bbox 83 2551 145 2611; x_wconf 84' lang='lat' dir='ltr'><strong>eius</strong></span> <span class='ocrx_word' id='word_1_182' title='bbox 166 2551 341 2628; x_wconf 87' lang='lat' dir='ltr'><strong>recordatus,</strong></span> <span class='ocrx_word' id='word_1_183' title='bbox 362 2555 432 2612; x_wconf 88' lang='lat' dir='ltr'><strong>satis</strong></span> <span class='ocrx_word' id='word_1_184' title='bbox 453 2551 609 2613; x_wconf 87' lang='lat' dir='ltr'><strong>admiratus</strong></span> <span class='ocrx_word' id='word_1_185' title='bbox 626 2559 670 2612; x_wconf 89' lang='lat' dir='ltr'><strong>est</strong></span> <span class='ocrx_word' id='word_1_186' title='bbox 689 2554 843 2612; x_wconf 88' lang='lat' dir='ltr'><strong>verborum</strong></span> <span class='ocrx_word' id='word_1_187' title='bbox 863 2556 1006 2614; x_wconf 87' lang='lat' dir='ltr'><strong>virtutem.</strong></span> <span class='ocrx_word' id='word_1_188' title='bbox 1049 2549 1119 2610; x_wconf 91' lang='lat' dir='ltr'><strong>NO-</strong></span> 
     </span>
     <span class='ocr_line' id='line_1_26' title="bbox 81 2636 1119 2718; baseline -0.002 -21"><span class='ocrx_word' id='word_1_189' title='bbox 81 2636 231 2698; x_wconf 86' lang='lat' dir='ltr'><strong>VlCIUS:</strong></span> <span class='ocrx_word' id='word_1_190' title='bbox 252 2637 344 2698; x_wconf 84' lang='lat' dir='ltr'><strong>Miror</strong></span> <span class='ocrx_word' id='word_1_191' title='bbox 363 2641 387 2698; x_wconf 89' lang='lat' dir='ltr'><strong>si</strong></span> <span class='ocrx_word' id='word_1_192' title='bbox 408 2641 499 2698; x_wconf 90' lang='lat' dir='ltr'><strong>sancti</strong></span> <span class='ocrx_word' id='word_1_193' title='bbox 520 2639 574 2700; x_wconf 91' lang='lat' dir='ltr'><strong>sub</strong></span> <span class='ocrx_word' id='word_1_194' title='bbox 598 2657 719 2715; x_wconf 88' lang='lat' dir='ltr'><strong>quorum</strong></span> <span class='ocrx_word' id='word_1_195' title='bbox 740 2639 840 2718; x_wconf 85' lang='lat' dir='ltr'><strong>regula</strong></span> <span class='ocrx_word' id='word_1_196' title='bbox 860 2639 983 2716; x_wconf 83' lang='lat' dir='ltr'><strong>religiosi</strong></span> <span class='ocrx_word' id='word_1_197' title='bbox 1003 2641 1119 2712; x_wconf 89' lang='lat' dir='ltr'><strong>vivunt,</strong></span> 
     </span>
     <span class='ocr_line' id='line_1_27' title="bbox 81 2726 1121 2802; baseline -0.001 -19"><span class='ocrx_word' id='word_1_198' title='bbox 81 2731 148 2800; x_wconf 88' lang='lat' dir='ltr'><strong>post</strong></span> <span class='ocrx_word' id='word_1_199' title='bbox 180 2729 301 2785; x_wconf 88' lang='lat' dir='ltr'><strong>mortem</strong></span> <span class='ocrx_word' id='word_1_200' title='bbox 332 2727 434 2786; x_wconf 87' lang='lat' dir='ltr'><strong>ceteris</strong></span> <span class='ocrx_word' id='word_1_201' title='bbox 465 2729 571 2785; x_wconf 85' lang='lat' dir='ltr'><strong>sanctis</strong></span> <span class='ocrx_word' id='word_1_202' title='bbox 589 2726 709 2802; x_wconf 83' lang='lat' dir='ltr'><strong>-aliquid</strong></span> <span class='ocrx_word' id='word_1_203' title='bbox 743 2729 783 2787; x_wconf 90' lang='lat' dir='ltr'><strong>eis</strong></span> <span class='ocrx_word' id='word_1_204' title='bbox 818 2729 910 2802; x_wconf 83' lang='lat' dir='ltr'><strong>magis</strong></span> <span class='ocrx_word' id='word_1_205' title='bbox 945 2731 1121 2785; x_wconf 89' lang='lat' dir='ltr'><strong>succurrant.</strong></span> 
     </span>
     <span class='ocr_line' id='line_1_28' title="bbox 82 2809 1063 2889; baseline -0.003 -18"><span class='ocrx_word' id='word_1_206' title='bbox 82 2809 319 2872; x_wconf 72' lang='lat' dir='ltr'><strong>monaculis:</strong></span> <span class='ocrx_word' id='word_1_207' title='bbox 340 2811 443 2887; x_wconf 87' lang='lat' dir='ltr'><strong>Etiam,</strong></span> <span class='ocrx_word' id='word_1_208' title='bbox 466 2814 541 2872; x_wconf 86' lang='lat' dir='ltr'><strong>siout</strong></span> <span class='ocrx_word' id='word_1_209' title='bbox 559 2816 589 2872; x_wconf 93' lang='lat' dir='ltr'><strong>in</strong></span> <span class='ocrx_word' id='word_1_210' title='bbox 610 2815 741 2889; x_wconf 89' lang='lat' dir='ltr'><strong>sequenti</strong></span> <span class='ocrx_word' id='word_1_211' title='bbox 762 2815 872 2873; x_wconf 90' lang='lat' dir='ltr'><strong>visione</strong></span> <span class='ocrx_word' id='word_1_212' title='bbox 894 2813 1063 2872; x_wconf 87' lang='lat' dir='ltr'><strong>declaratur.</strong></span> 
     </span>
    </p>
   </div>
   <div class='ocr_carea' id='block_1_5' title="bbox 406 2999 796 3064">
    <p class='ocr_par' dir='ltr' id='par_1_5' title="bbox 406 2999 796 3064">
     <span class='ocr_line' id='line_1_29' title="bbox 406 2999 796 3064; baseline 0.005 -2"><span class='ocrx_word' id='word_1_213' title='bbox 406 2999 640 3064; x_wconf 78' lang='lat' dir='ltr'><strong>uAPITULUM</strong></span> <span class='ocrx_word' id='word_1_214' title='bbox 660 3003 796 3064; x_wconf 86' lang='lat' dir='ltr'>XXXV.</span> 
     </span>
    </p>
   </div>
   <div class='ocr_carea' id='block_1_6' title="bbox 138 3125 1059 3272">
    <p class='ocr_par' dir='ltr' id='par_1_6' title="bbox 138 3125 1059 3272">
     <span class='ocr_line' id='line_1_30' title="bbox 138 3125 1059 3202; baseline 0.002 -18"><span class='ocrx_word' id='word_1_215' title='bbox 138 3125 188 3184; x_wconf 89' lang='lat' dir='ltr'><strong>De</strong></span> <span class='ocrx_word' id='word_1_216' title='bbox 207 3127 385 3200; x_wconf 69' lang='lat' dir='ltr'><strong>propalatio</strong></span> <span class='ocrx_word' id='word_1_217' title='bbox 406 3127 638 3184; x_wconf 72' lang='lat' dir='ltr'><strong>sanedmoniolis</strong></span> <span class='ocrx_word' id='word_1_218' title='bbox 658 3129 691 3184; x_wconf 84' lang='lat' dir='ltr'><strong>in</strong></span> <span class='ocrx_word' id='word_1_219' title='bbox 711 3127 847 3202; x_wconf 78' lang='lat' dir='ltr'><strong>Rindoep</strong></span> <span class='ocrx_word' id='word_1_220' title='bbox 869 3128 918 3186; x_wconf 82' lang='lat' dir='ltr'><strong>cut</strong></span> <span class='ocrx_word' id='word_1_221' title='bbox 938 3134 1059 3186; x_wconf 84' lang='lat' dir='ltr'><strong>sanctus</strong></span> 
     </span>
     <span class='ocr_line' id='line_1_31' title="bbox 450 3211 750 3272; baseline 0.007 -2"><span class='ocrx_word' id='word_1_222' title='bbox 450 3211 627 3272; x_wconf 84' lang='lat' dir='ltr'><strong>Benedictus</strong></span> <span class='ocrx_word' id='word_1_223' title='bbox 649 3216 750 3272; x_wconf 84' lang='lat' dir='ltr'><strong>ostitit</strong></span> 
     </span>
    </p>
   </div>
   <div class='ocr_carea' id='block_1_7' title="bbox 80 3331 1118 3672">
    <p class='ocr_par' dir='ltr' id='par_1_7' title="bbox 80 3331 1118 3672">
     <span class='ocr_line' id='line_1_32' title="bbox 144 3331 1118 3409; baseline 0.002 -17"><span class='ocrx_word' id='word_1_224' title='bbox 144 3331 211 3392; x_wconf 88' lang='lat' dir='ltr'><strong>Non</strong></span> <span class='ocrx_word' id='word_1_225' title='bbox 233 3337 277 3391; x_wconf 88' lang='lat' dir='ltr'><strong>est</strong></span> <span class='ocrx_word' id='word_1_226' title='bbox 297 3331 345 3392; x_wconf 93' lang='lat' dir='ltr'><strong>diu</strong></span> <span class='ocrx_word' id='word_1_227' title='bbox 367 3332 445 3408; x_wconf 90' lang='lat' dir='ltr'><strong>quod</strong></span> <span class='ocrx_word' id='word_1_228' title='bbox 466 3332 689 3392; x_wconf 90' lang='lat' dir='ltr'><strong>sanctimonialis</strong></span> <span class='ocrx_word' id='word_1_229' title='bbox 710 3333 852 3409; x_wconf 87' lang='lat' dir='ltr'><strong>quaedam</strong></span> <span class='ocrx_word' id='word_1_230' title='bbox 882 3332 917 3393; x_wconf 91' lang='lat' dir='ltr'><strong>de</strong></span> <span class='ocrx_word' id='word_1_231' title='bbox 945 3336 1118 3394; x_wconf 90' lang='lat' dir='ltr'><strong>monasterio</strong></span> 
     </span>
     <span class='ocr_line' id='line_1_33' title="bbox 81 3418 1118 3496; baseline 0.003 -18"><span class='ocrx_word' id='word_1_232' title='bbox 81 3418 210 3494; x_wconf 88' lang='lat' dir='ltr'><strong>Riudorp</strong></span> <span class='ocrx_word' id='word_1_233' title='bbox 233 3420 310 3494; x_wconf 87' lang='lat' dir='ltr'><strong>quod</strong></span> <span class='ocrx_word' id='word_1_234' title='bbox 331 3421 412 3480; x_wconf 85' lang='lat' dir='ltr'><strong>iuxta</strong></span> <span class='ocrx_word' id='word_1_235' title='bbox 423 3420 555 3480; x_wconf 90' lang='lat' dir='ltr'><strong>Bonnam</strong></span> <span class='ocrx_word' id='word_1_236' title='bbox 577 3422 662 3479; x_wconf 90' lang='lat' dir='ltr'><strong>situm</strong></span> <span class='ocrx_word' id='word_1_237' title='bbox 677 3427 728 3496; x_wconf 90' lang='lat' dir='ltr'><strong>cst,</strong></span> <span class='ocrx_word' id='word_1_238' title='bbox 749 3419 899 3481; x_wconf 78' lang='lat' dir='ltr'><strong>Elisabeth</strong></span> <span class='ocrx_word' id='word_1_239' title='bbox 921 3424 1043 3496; x_wconf 89' lang='lat' dir='ltr'><strong>nomine,</strong></span> <span class='ocrx_word' id='word_1_240' title='bbox 1065 3420 1118 3481; x_wconf 91' lang='lat' dir='ltr'><strong>de·</strong></span> 
     </span>
     <span class='ocr_line' id='line_1_34' title="bbox 80 3503 1117 3586; baseline 0.001 -21"><span class='ocrx_word' id='word_1_241' title='bbox 80 3505 172 3566; x_wconf 89' lang='lat' dir='ltr'><strong>bitum</strong></span> <span class='ocrx_word' id='word_1_242' title='bbox 195 3508 286 3564; x_wconf 90' lang='lat' dir='ltr'><strong>carnis</strong></span> <span class='ocrx_word' id='word_1_243' title='bbox 309 3503 433 3586; x_wconf 78' lang='lat' dir='ltr'><strong>solvit⁴).</strong></span> <span class='ocrx_word' id='word_1_244' title='bbox 476 3507 528 3566; x_wconf 87' lang='lat' dir='ltr'><strong>Est</strong></span> <span class='ocrx_word' id='word_1_245' title='bbox 549 3512 647 3567; x_wconf 88' lang='lat' dir='ltr'><strong>autem</strong></span> <span class='ocrx_word' id='word_1_246' title='bbox 667 3505 744 3567; x_wconf 89' lang='lat' dir='ltr'><strong>idem</strong></span> <span class='ocrx_word' id='word_1_247' title='bbox 773 3511 976 3568; x_wconf 88' lang='lat' dir='ltr'><strong>monasterium</strong></span> <span class='ocrx_word' id='word_1_248' title='bbox 1004 3507 1041 3566; x_wconf 90' lang='lat' dir='ltr'><strong>de</strong></span> <span class='ocrx_word' id='word_1_249' title='bbox 1070 3523 1117 3566; x_wconf 90' lang='lat' dir='ltr'><strong>re·</strong></span> 
     </span>
     <span class='ocr_line' id='line_1_35' title="bbox 80 3591 1117 3672; baseline 0.001 -19"><span class='ocrx_word' id='word_1_250' title='bbox 80 3591 150 3670; x_wconf 82' lang='lat' dir='ltr'><strong>gula</strong></span> <span class='ocrx_word' id='word_1_251' title='bbox 170 3595 262 3652; x_wconf 88' lang='lat' dir='ltr'><strong>sancti</strong></span> <span class='ocrx_word' id='word_1_252' title='bbox 282 3592 432 3653; x_wconf 89' lang='lat' dir='ltr'><strong>Benedicti</strong></span> <span class='ocrx_word' id='word_1_253' title='bbox 451 3592 584 3653; x_wconf 88' lang='lat' dir='ltr'><strong>Abbatis.</strong></span> <span class='ocrx_word' id='word_1_254' title='bbox 625 3591 774 3672; x_wconf 86' lang='lat' dir='ltr'><strong>Diligebat</strong></span> <span class='ocrx_word' id='word_1_255' title='bbox 795 3597 870 3655; x_wconf 90' lang='lat' dir='ltr'><strong>enim</strong></span> <span class='ocrx_word' id='word_1_256' title='bbox 898 3595 999 3656; x_wconf 91' lang='lat' dir='ltr'><strong>eadem</strong></span> <span class='ocrx_word' id='word_1_257' title='bbox 1020 3593 1117 3654; x_wconf 81' lang='lat' dir='ltr'><strong>Elina-</strong></span> 
     </span>
    </p>
   </div>
   <div class='ocr_carea' id='block_1_8' title="bbox 99 3757 1119 3900">
    <p class='ocr_par' dir='ltr' id='par_1_8' title="bbox 99 3757 1119 3900">
     <span class='ocr_line' id='line_1_36' title="bbox 99 3757 1119 3834; baseline 0.002 -22"><span class='ocrx_word' id='word_1_258' title='bbox 99 3759 130 3828; x_wconf 86' lang='grc'><strong>1)</strong></span> <span class='ocrx_word' id='word_1_259' title='bbox 147 3757 192 3813; x_wconf 77' lang='grc' dir='ltr'><strong>ΒΕ</strong></span> <span class='ocrx_word' id='word_1_260' title='bbox 209 3759 292 3813; x_wconf 78' lang='lat' dir='ltr'><strong>alias</strong></span> <span class='ocrx_word' id='word_1_261' title='bbox 315 3759 403 3814; x_wconf 81' lang='lat' dir='ltr'><strong>duas.</strong></span> <span class='ocrx_word' id='word_1_262' title='bbox 423 3790 453 3801; x_wconf 93' lang='lat'>-</span> <span class='ocrx_word' id='word_1_263' title='bbox 473 3761 505 3830; x_wconf 83' lang='lat'><strong>2)</strong></span> <span class='ocrx_word' id='word_1_264' title='bbox 523 3761 543 3814; x_wconf 89' lang='lat' dir='ltr'>B</span> <span class='ocrx_word' id='word_1_265' title='bbox 567 3761 646 3816; x_wconf 85' lang='lat' dir='ltr'><strong>dum.</strong></span> <span class='ocrx_word' id='word_1_266' title='bbox 669 3793 703 3804; x_wconf 95' lang='lat'>—</span> <span class='ocrx_word' id='word_1_267' title='bbox 721 3764 792 3834; x_wconf 71' lang='lat' dir='ltr'><strong>sjli</strong></span> <span class='ocrx_word' id='word_1_268' title='bbox 814 3766 844 3816; x_wconf 89' lang='lat' dir='ltr'><strong>iu</strong></span> <span class='ocrx_word' id='word_1_269' title='bbox 872 3765 991 3816; x_wconf 82' lang='lat' dir='ltr'><strong>romnis</strong></span> <span class='ocrx_word' id='word_1_270' title='bbox 1020 3775 1119 3829; x_wconf 87' lang='lat' dir='ltr'><strong>appa-</strong></span> 
     </span>
     <span class='ocr_line' id='line_1_37' title="bbox 149 3830 542 3900; baseline 0.003 -18"><span class='ocrx_word' id='word_1_271' title='bbox 149 3845 232 3883; x_wconf 80' lang='lat' dir='ltr'><strong>rens.</strong></span> <span class='ocrx_word' id='word_1_272' title='bbox 251 3859 281 3870; x_wconf 94' lang='lat'><em>-</em></span> <span class='ocrx_word' id='word_1_273' title='bbox 300 3831 334 3900; x_wconf 78' lang='grc'><strong>4)</strong></span> <span class='ocrx_word' id='word_1_274' title='bbox 351 3830 372 3884; x_wconf 84' lang='lat' dir='ltr'>B</span> <span class='ocrx_word' id='word_1_275' title='bbox 389 3831 542 3886; x_wconf 81' lang='lat' dir='ltr'><strong>exsolvit.</strong></span> 
     </span>
    </p>
   </div>
   <div class='ocr_carea' id='block_1_9' title="bbox 0 0 1266 4252">
    <p class='ocr_par' dir='ltr' id='par_1_9' title="bbox 0 0 1266 4252">
     <span class='ocr_line' id='line_1_38' title="bbox 0 0 1266 4252; baseline 0 0"><span class='ocrx_word' id='word_1_276' title='bbox 0 0 1266 4252; x_wconf 95' lang='lat' dir='ltr'><strong> </strong></span> 
     </span>
    </p>
   </div>
  </div>
 </body>
</html>
