2506 4254
415 300 470 360 DE
493 297 718 360 MIRAOULIS.
1020 299 1080 358 257

68 421 171 482 dreuitu
197 422 262 482 loca
294 421 332 482 ah
368 420 520 482 immundis
554 421 699 481 vermibus
733 419 913 480 mundentur.
969 419 1084 498 Hyema

67 511 297 586 appropinquante
325 509 481 582 recedunt,
517 514 547 568 et
574 515 701 584 ternpore
729 514 806 567 certo
840 507 971 568 redeunt.
1026 508 1083 567 Die

67 594 178 668 quadam
199 613 265 658 cum
294 597 383 676 acies,
396 613 464 654 suas
493 595 672 655 ordinassent
697 594 734 654 ad
762 594 1017 671 peregrinandum,
1046 611 1083 654 ne

67 679 251 758 hospitalitatis
266 699 418 742 concessae
430 685 610 741 immemores
633 698 696 741 esse
716 682 889 756 siderentur,
912 688 1084 740 conventum

66 770 109 842 qrri
126 769 223 829 eadem
243 769 315 828 hora
334 771 364 826 in
385 787 455 846 agro
476 768 627 829 laborabat
646 775 792 844 petentes,
813 785 936 843 eumque
958 769 1084 828 crebrius

66 855 223 930 gratillando
235 853 252 936 ¹)
282 857 532 929 circumvolantes,
562 873 660 916 omnes
688 858 718 914 in
746 854 960 914 admirationem
988 862 1084 915 verte·

66 947 135 1016 nrnt,
164 944 359 1019 ignorantibus
367 940 388 1023 ²)
418 943 486 1018 quid
513 949 651 1018 peterent.
700 941 749 1000 Ad
777 959 849 1020 quos
877 942 973 1000 Prior:
1008 942 1084 1001 Puto

67 1027 133 1102 quod
147 1028 287 1089 licentiam
298 1035 399 1105 petant
407 1027 428 1108 3)
449 1029 611 1090 recedendi,
651 1028 833 1104 Elevansque
855 1046 972 1087 manum
992 1029 1085 1088 bene-

6 1123 7 1170 ,
67 1111 188 1185 diniteis.
229 1116 300 1175 Mox
320 1119 423 1175 mirum
443 1119 473 1174 in
495 1115 612 1176 modum
634 1133 699 1175 cum
721 1116 811 1176 multa
832 1115 979 1176 alacritate
1000 1114 1084 1174 simul

66 1202 217 1277 avolantes,
239 1203 385 1263 monachis
404 1204 571 1262 exeuntibus
592 1205 622 1260 in
643 1205 721 1262 viam
743 1204 791 1277 qui
812 1202 972 1279 regularem
993 1204 1085 1262 bene·

6 1289 7 1320 r
65 1286 205 1352 dictionem
236 1293 365 1367 accipere
397 1293 458 1350 sive
491 1295 656 1366 exspectare
686 1290 913 1365 parvipendunt,
949 1305 1085 1366 magnam

65 1376 253 1435 verecundiam
267 1379 453 1437 incusserunt
494 1375 698 1436 NOVICIUS:
720 1375 797 1451 Quid
820 1375 921 1435 dicturi
941 1382 1008 1446 sunt
1029 1376 1085 1435 ha-

65 1463 144 1523 minas
170 1464 324 1524 rationales
344 1463 400 1522 Dei
422 1464 502 1522 donis
523 1465 642 1540 ingrati,
674 1479 740 1522 cum
768 1462 908 1522 audierint
937 1462 1085 1522 columbas

65 1547 184 1624 obedire,
212 1553 346 1627 cyconias
373 1537 538 1626 regratiari?
587 1548 822 1610 MONAOHUS:
851 1549 917 1608 Hoc
943 1549 1085 1624 estquod
1138 1613 1140 1618 ,

65 1633 195 1698 Dominus
218 1655 272 1713 per
291 1636 447 1697 deremiam
469 1637 643 1717 Prophetam
663 1635 770 1713 populo
792 1653 845 1695 suo
866 1635 957 1694 Israel
977 1637 1084 1712 impro-

65 1729 137 1796 perat
164 1723 273 1784 dicens:
312 1725 426 1782 Turius·
456 1731 482 1784 ct
509 1723 647 1800 hyrundo
677 1730 705 1782 et
732 1726 854 1800 opacata
883 1723 1086 1782 custodierunt

6 1805 7 1810 ’
66 1815 167 1886 ternpus
195 1811 340 1870 adcantus
368 1814 431 1886 aui,·
457 1811 590 1887 populas
624 1817 724 1868 cutura
751 1827 834 1869 meus
860 1825 921 1868 non
949 1813 1100 1884 copaoott,

65 1895 194 1956 ι’νάἑάιιηι
207 1899 332 1958 Domini
352 1899 410 1958 Det
431 1894 517 1973 Μ’).
560 1896 764 1957 NOVIOIUS:
786 1894 843 1956 Ubi
864 1895 995 1956 habitant
1014 1913 1085 1956 aves

63 1981 125 2043 letae
144 1985 174 2043 in
193 1983 320 2063 hyeme?
362 1983 596 2044 MONACHUS:
619 1983 653 2042 In
674 1982 746 2044 loais
768 1984 866 2060 utique
887 1983 995 2044 calidis.
1157 1978 1160 1985 ’

404 2169 636 2254 haemonam
653 2191 736 2252 eur.

127 2333 215 2412 Quod
234 2333 413 2410 hyrundines
434 2349 546 2408 semper
566 2334 656 2392 solita
677 2339 813 2408 repetunt
838 2331 1017 2391 habitacula.

6 2489 7 2492 ’
119 2469 198 2534 Sicut
218 2471 287 2532 mihi
307 2471 404 2531 retulit
418 2471 534 2547 quidam
547 2472 690 2547 sacerdos,
710 2478 793 2549 pater
814 2469 916 2546 aliquis
937 2466 1086 2549 familias¹)

65 2553 191 2630 plurimos
212 2559 322 2618 habeus
337 2560 420 2619 nidos
436 2557 628 2636 hyrundinum
641 2561 670 2617 in
684 2559 768 2618 domo
792 2576 853 2634 sua,
874 2565 903 2616 et
924 2558 979 2617 hoe
993 2560 1087 2634 ipsum

66 2640 96 2702 de
115 2662 168 2721 quo
191 2652 223 2704 tu
245 2647 372 2722 quaeris,
407 2646 515 2705 discere
545 2644 723 2721 desiderans,
754 2663 843 2705 unam
871 2662 906 2706 ex
934 2646 975 2704 eis
997 2646 1087 2720 cepit,

66 2733 249 2808 ceddamque
268 2732 358 2792 verba
377 2733 450 2793 haec
472 2734 677 2792 continentem:
700 2731 726 2792 0
751 2731 882 2809 hyrundo
903 2732 954 2791 ubi
974 2730 1088 2792 habitas

65 2813 232 2896 lnhyeme‘?
259 2819 408 2896 padicius
431 2818 565 2894 alligans,
593 2821 671 2878 abire
691 2822 826 2896 permisit.
867 2818 986 2879 Sciebat
1012 2818 1088 2878 enim

67 2909 261 2982 experimento,
293 2908 361 2981 quie
381 2923 493 2981 semper
514 2906 593 2978 loca,
614 2923 668 2966 nec
689 2924 747 2974 non
769 2916 798 2967 et
819 2904 984 2966 habitacula
1003 2903 1089 2964 solita

65 2999 221 3065 repeterent.
263 2992 317 3050 llla
331 3011 396 3051 eum
409 2995 508 3052 ceteris
521 2990 662 3053 inAsiam
684 2994 809 3066 veniens,
830 2994 858 3052 in
881 2991 967 3050 domo
989 2994 1087 3051 cuius-

67 3073 125 3136 dam
143 3080 219 3140 Petri
239 3078 403 3138 nidificavit.
452 3078 487 3136 Iu
510 3080 589 3138 cuius
611 3079 685 3154 pede
707 3097 772 3138 cum
800 3085 916 3155 propter
943 3081 1087 3155 ingressus

67 3163 106 3222 vel
131 3169 220 3226 exitus
249 3165 429 3243 quotidianos
458 3163 634 3240 praedictam
663 3166 802 3225 cartulam
834 3165 1087 3242 contemplaretur,

66 3251 127 3311 scire
147 3253 245 3312 volens
268 3251 336 3327 quid
357 3258 440 3326 esset,
461 3269 546 3315 avem
567 3254 651 3326 oepit,
672 3252 810 3311 cartalam
830 3251 901 3328 legit
922 3259 951 3312 et
971 3254 1088 3328 amovit,

67 3333 228 3416 alteramque
249 3347 419 3414 annectens,
448 3339 497 3397 tali
525 3338 611 3398 modo
633 3341 844 3416 interrogationi
864 3340 1024 3416 respondit:
1052 3339 1087 3398 In

67 3419 129 3484 Asia
149 3428 176 3484 in
199 3427 283 3486 domo
306 3427 392 3485 Patri.
436 3423 521 3502 Quod
542 3442 609 3484 cam
631 3425 811 3502 supradictus
831 3426 1034 3503 paterfamilias
1058 3427 1087 3484 in

68 3515 214 3574 reversione
235 3511 401 3590 hyrundinis
422 3529 492 3572 suae
515 3509 674 3587 didicisset,
695 3512 842 3572 historiam
862 3513 937 3574 hanc
958 3529 1009 3590 pro
1030 3514 1087 3570 mi-

68 3597 155 3658 recula
175 3600 270 3662 multis
290 3601 428 3660 recitavit.
475 3598 522 3659 De
552 3601 677 3676 cyconiis
699 3617 767 3660 vero
790 3600 880 3660 muita
901 3599 1087 3660 admiratione

86 3799 112 3865 l)
128 3799 169 3854 eli
185 3802 472 3872 perstiterunt-2)
484 3801 524 3855 FP
538 3759 859 3871 'ignorantes-QG
877 3805 1001 3870 petunt.
1013 3799 1087 3865 -lJ

128 3869 176 3923 lar.
193 3875 217 3940 8,
234 3876 259 3927 7.
279 3903 307 3914 -
330 3873 362 3942 5)
379 3872 400 3926 ll
419 3871 542 3940 aliquia
559 3871 810 3940 paterfamilias.
