2512 4254
307 274 362 338 on
383 273 567 340 omnnem
588 273 825 340 visronmns.
1021 223 1082 338 res

60 397 157 458 tionem
185 398 270 460 etiem
296 397 401 459 hebuit
427 397 533 458 domini
560 397 708 460 Eustachii
734 397 859 458 Abbatis
885 397 1023 475 claustri,
1055 403 1085 459 ct

60 482 158 544 domini
192 483 310 546 Henrici
346 483 471 546 Abbatis
503 486 606 562 nostri,
642 486 672 544 iu
706 483 755 544 illo
786 485 884 562 nuque
915 487 1085 562 corripiens,

61 575 86 630 ei
109 572 136 628 in
163 573 219 632 isto
245 571 330 649 pluro
357 572 570 634 commendans.
617 571 656 630 Et
682 573 813 631 recitavit
834 573 860 631 ei
888 573 984 632 omnia
1005 587 1085 632 mors

60 655 160 718 llelisei
201 655 276 736 quse
314 656 344 718 in
387 659 516 720 conclavi
556 675 622 718 cum
660 658 760 718 Priore
803 661 864 719 sive
894 657 957 718 eltis
992 658 1086 721 iucem

60 742 172 804 locutus.
214 745 321 815 Postea
343 762 408 805 oum
429 743 505 805 idem
524 761 679 805 conversus
701 743 748 804 die
761 745 886 820 quodem
907 745 982 805 dieto
1004 761 1086 806 com·

60 829 171 906 pletorio
193 830 302 909 aliquid
323 832 450 892 obtinere
471 833 608 892 niteretur
628 849 646 892 a
667 831 742 907 Deo,
762 829 881 912 veniis1)
904 838 933 891 et
952 830 1086 905 lacrimis,

60 924 86 976 et
102 935 157 976 non
177 920 353 996 profecisset,
372 918 420 978 ille
441 921 520 980 curio
541 918 647 994 clause,
668 921 798 996 ostioque
812 919 924 978 firmato
938 919 1087 996 diligenter

60 1007 180 1082 oratorii,
208 1005 247 1066 ed
267 1021 333 1066 eum
353 1007 484 1082 intravit,
510 1007 660 1084 increpans
682 1022 748 1066 eum
771 1012 799 1065 et
820 1005 931 1066 dicens:
963 1003 1087 1080 Stolide,
1178 1063 1185 1078 ,

60 1097 137 1166 putes
168 1091 248 1169 quod
277 1094 308 1152 vi
334 1093 426 1170 possis
454 1092 561 1170 aliquid
590 1099 758 1168 extorquere
787 1111 805 1152 o
832 1091 920 1154 Deo?
969 1091 1001 1153 Si
1028 1108 1087 1152 nou

61 1182 129 1236 esset
165 1180 218 1238 tibi
259 1178 347 1240 modo
388 1181 529 1256 parcitum
567 1185 684 1256 propter
713 1179 843 1240 Priorem
870 1186 974 1255 tuum,
1015 1178 1088 1240 rorte

61 1266 206 1325 emendum
228 1267 403 1326 incurrisses.
435 1266 526 1326 Nocte
549 1266 675 1343 quadam
696 1266 859 1326 cumidem
878 1265 1088 1327 Henricusde·

61 1333 149 1410 liceto
177 1353 275 1432 aliquo
302 1353 332 1412 in
360 1352 510 1414 ecclesiam
532 1351 681 1428 deportato
703 1351 824 1416 sedisset
844 1360 910 1416 ante
932 1353 1021 1415 elture
1040 1355 1089 1412 in·

61 1435 213 1524 firmorum,
239 1442 334 1500 vietor
361 1438 397 1499 de
426 1456 483 1516 quo
512 1440 608 1500 dicere
635 1457 692 1499 non
713 1457 831 1517 possum
852 1448 948 1500 utrum
969 1439 1089 1524 angelus

62 1521 137 1583 inerit
156 1523 223 1608 ειν)
245 1525 347 1602 horno,
369 1528 395 1586 ei
415 1543 570 1604 apperens,
591 1528 715 1604 signavit
734 1527 784 1587 nbi
804 1526 887 1586 Prior
908 1534 992 1587 esset
1035 1527 1089 1588 Oui

64 1625 122 1670 cum
139 1611 187 1673 ille
208 1616 389 1691 resignasset,
408 1615 438 1672 in
458 1613 635 1673 infirmitorio
658 1620 716 1690 est3
738 1616 820 1694 signo
842 1613 1001 1691 respondit:
1023 1611 1089 1691 ligo

63 1699 123 1756 novi
149 1699 219 1778 hoo,
251 1700 325 1760 bene
355 1706 398 1760 est
424 1700 473 1759 ibi.
514 1700 717 1775 Inclinonsque
750 1717 848 1760 coram
870 1698 970 1760 eodem
992 1700 1090 1776 elteri,

64 1785 206 1862 recedens,
227 1793 257 1847 et
277 1794 343 1847 onte
364 1786 413 1848 illa
434 1788 488 1847 trie
509 1786 610 1846 citaris
631 1803 706 1862 quse
727 1789 843 1846 suntin
864 1787 974 1862 obside,
998 1787 1090 1848 simile

64 1867 171 1950 iaciens,
188 1873 307 1934 chorum
320 1873 526 1935 monachorum
539 1876 662 1949 intravit,
684 1879 713 1933 et
724 1890 782 1933 non
797 1877 963 1950 comperuit
995 1873 1090 1951 Saepe

64 1955 135 2018 illum
147 1961 309 2022 testabatur
328 1960 479 2022 sevidisse
500 1963 530 2020 in
544 1960 632 2021 choro
646 1963 837 2021 circueuntem
850 1963 880 2020 in
892 1961 984 2022 multu
1004 1961 1097 2032 clori·,

66 2047 126 2106 tete.
167 2047 221 2108 Cui
242 2064 308 2108 cum
329 2065 365 2108 ex
385 2055 467 2126 perte
487 2047 593 2107 Pn'oris
616 2064 770 2108 conversus
792 2051 919 2108 tunicam
941 2047 1092 2110 obtulisset
1192 2086 1195 2094 ι

67 2135 93 2188 et
110 2133 261 2212 cingulum,
282 2137 408 2196 trmicom
420 2136 571 2209 recusavit,
593 2134 707 2211 cingulo
724 2141 868 2213 suscepto.
898 2136 972 2213 Ego,
992 2137 1092 2213 inquit,

68 2231 126 2279 enm
155 2221 231 2282 debo
258 2222 343 2282 bono·
366 2221 479 2282 cuidam
500 2220 642 2281 monacho
663 2221 871 2299 Eberbscensi,
902 2229 932 2284 et
951 2225 1044 2300 magis
1066 2224 1093 2284 ei

67 2304 196 2386 proderit,
222 2325 309 2386 quarn
337 2311 361 2370 si
388 2327 442 2388 ego
470 2315 566 2371 uterer
593 2308 668 2368 illo..
693 2308 814 2370 Remisit
842 2311 867 2369 ei
897 2316 926 2369 et
946 2309 1092 2388 cingulum

66 2385 180 2472 luteum,
198 2397 289 2474 pretio
312 2395 428 2473 quidem
447 2395 625 2472 vilissimum,
645 2394 697 2460 sed
718 2398 823 2457 virtute
839 2397 1007 2472 pretiosum
1035 2395 1093 2457 Per

68 2479 171 2564 (ψαῦ’)
204 2489 233 2544 et
260 2486 397 2544 ueritates
429 2483 521 2542 lectae
543 2488 623 2557 sunt,
656 2488 685 2541 et
712 2481 865 2558 plurimum
893 2483 971 2544 valet
993 2489 1093 2544 contro

68 2566 202 2630 stimulum
234 2572 336 2630 cornis.
386 2568 480 2649 Quem
512 2587 578 2629 cum
610 2572 697 2628 etiem
728 2576 843 2648 rogaret
873 2577 906 2630 ut
937 2588 969 2631 sc
1000 2571 1092 2630 Priori

69 2655 205 2717 ormnem
226 2657 398 2736 dignaretur,
419 2656 577 2734 respondit:
603 2654 745 2716 Dominus
766 2662 863 2718 noster
882 2675 945 2717 nos·
957 2658 1092 2732 trequen-

67 2741 105 2798 ter
122 2745 205 2804 mittit
222 2747 252 2804 in
273 2743 438 2805 Jerusalem
460 2749 488 2803 et
508 2743 566 2802 alio
586 2759 678 2819 oeque
699 2750 808 2804 remote
829 2743 907 2819 loca,
934 2750 963 2803 et
991 2745 1017 2804 si
1043 2744 1092 2803 ri-

68 2823 137 2888 deret
161 2847 208 2892 me
228 2829 327 2905 Prior,
355 2836 454 2908 posset
479 2847 531 2906 per
561 2831 622 2888 cius
642 2832 878 2906 interrogationes
898 2830 1004 2907 legatio
1026 2847 1093 2892 meo

68 2911 193 2990 locedii.
233 2917 272 2978 ut
299 2917 417 2977 adiecit:
450 2916 506 2977 Dic
527 2917 619 2976 Priori
645 2922 679 2974 ut
699 2915 836 2976 sollicitus
858 2919 895 2976 sit
916 2920 992 2978 circe
1012 2918 1093 2978 exci-

66 3001 160 3064 tandos
181 3003 298 3080 deuon,
319 3021 355 3064 ne
378 3003 520 3063 dormiant
541 3003 609 3062 dum
630 3019 682 3080 pro
705 3001 843 3065 defunctis
865 3010 997 3080 cuntant,
1024 3006 1093 3081 quio

68 3085 131 3148 sicut
149 3091 251 3152 milites
273 3097 483 3168 congregantur
503 3089 540 3149 ad
561 3096 787 3165 tomamentum,
815 3093 856 3151 ite
886 3093 998 3151 enimse
1020 3108 1093 3152 oon·

69 3169 148 3235 luunt
167 3178 204 3240 cd
226 3177 320 3238 officis
333 3177 539 3238 defunctorum.
570 3175 773 3237 NOVIOIUS:
795 3177 870 3238 Puto
893 3177 971 3255 quod
988 3181 1092 3239 mortui

68 3259 131 3323 vim
156 3267 185 3325 ln
213 3265 270 3326 hoc
299 3264 392 3325 officio
420 3264 564 3337 sollicitis,
593 3263 661 3324 dnm
682 3263 824 3340 indigent,
851 3267 945 3326 vicem
966 3267 1092 3326 caritatis

68 3347 250 3434 renodare).
292 3350 528 3414 MONACHUS:
548 3349 615 3412 Hoc
635 3351 687 3414 tibi
708 3367 767 3412 unc
787 3352 938 3414 ostendam
951 3351 1092 3432 eronplo.

269 3619 272 3630 ,
383 3543 763 3620 son-„mune

83 3777 144 3848 ild
167 3783 275 3839 venile
301 3793 333 3838 ct
351 3783 568 3846 orationibus.
592 3813 623 3824 -
642 3783 713 3854 m
745 3783 805 3838 vol.
825 3811 852 3824 -
880 3781 913 3852 3)
930 3779 974 3836 GP
990 3779 1090 3851 quod,

126 3852 171 3910 AB
189 3869 277 3925 ques.
296 3883 327 3896 -
346 3854 379 3925 l)
395 3851 441 3909 Bc
459 3853 654 3924 impendent.
