2506 4254
325 289 380 352 Du
402 285 585 353 CORPORE
607 287 774 354 CHRISTI.
1018 293 1080 355 185

57 411 193 474 VICIUS:
217 411 294 490 Quid
308 415 333 473 si
350 420 417 489 post
427 409 445 493 ¹)
459 413 687 474 benedictionem
699 417 790 490 panis,
811 414 909 473 vinum
922 431 975 492 per
986 413 1081 494 negli-
1162 446 1167 457 ·

55 501 170 575 gentiam
204 517 264 561 nou
292 507 368 562 esset
396 503 427 560 iu
458 500 568 560 calice?
618 498 851 561 MONACHUS:
865 501 925 578 ,Ex
957 518 1081 564 consue·

56 585 144 647 tudine
173 585 279 647 ordinis
299 590 388 647 nostri
410 590 537 664 cogimur
558 585 673 647 credere
693 589 732 646 ibi
754 605 816 648 esse
839 603 941 664 corpus
963 587 1080 666 Christi,

57 675 116 748 quia
134 673 361 735 benedictionem
381 677 463 749 panis
491 691 549 734 non
570 677 737 750 repetimus,
770 673 822 734 sed
844 674 939 735 calicis
959 680 1080 737 tanmm.

56 757 143 820 Simile
163 763 264 836 sentio,
285 763 309 820 si
329 761 467 822 sacerdos
485 767 551 837 post
571 761 759 837 prolationem
779 761 932 822 verborum
952 761 1080 839 illorum,

56 846 116 906 Hoc
136 855 178 908 est
189 859 296 922 corpus
310 867 415 922 mecon,
437 848 611 922 subsisteret,
631 864 725 924 neque
739 848 834 908 calicis
853 847 1080 910 benedictionem

56 932 182 1008 perficere
209 940 316 1009 posset
364 934 503 1011 Magister
529 935 633 994 Petrus
661 933 768 994 Cantor
796 942 825 995 et
852 951 991 1011 sequaces
1018 938 1080 998 eius

56 1018 104 1080 lrcc
115 1037 173 1080 nou
183 1021 351 1096 concedunt,
364 1021 490 1081 dicentes
499 1038 557 1084 uon
570 1038 655 1096 posse
665 1021 726 1080 fieri
735 1021 1080 1084 transsubstantiationem

56 1109 131 1181 panis
148 1110 178 1168 in
199 1125 301 1184 corpus
316 1107 427 1182 Christi,
449 1108 540 1168 donec
553 1108 665 1184 prolata
682 1111 739 1167 sint
754 1108 828 1170 haec
840 1109 938 1184 verba,
959 1109 1018 1170 Hic
1039 1115 1081 1172 oti

56 1197 177 1268 suffra,
198 1201 228 1254 et
245 1199 348 1254 cetera.
379 1194 491 1271 Quibus
512 1195 594 1256 multi
609 1194 758 1256 doctorum
772 1196 965 1257 contradicere
977 1194 1081 1258 videu-

57 1284 97 1338 tur
114 1283 144 1340 in
163 1283 223 1341 suis
243 1283 368 1358 scriptis,
389 1283 516 1344 similiter
536 1289 566 1341 et
585 1283 677 1341 verba
697 1283 871 1360 evangelica
913 1283 997 1343 Prius
1014 1283 1089 1348 Dm

57 1368 142 1426 minus
160 1385 265 1445 panem
286 1368 446 1444 benedixit,
466 1371 612 1445 porrigens
632 1369 711 1429 illum
732 1369 877 1446 discipulis
897 1369 936 1430 ad
956 1369 1081 1433 mandu-

58 1452 187 1530 candum,
213 1457 272 1515 iam
298 1470 357 1514 non
384 1472 504 1530 panem,
531 1456 583 1515 sed
605 1473 709 1531 corpus
730 1473 823 1515 suum.
864 1455 1081 1534 Posteaquam
1207 1453 1217 1472 ⁸

58 1547 199 1601 coenatum
227 1548 287 1616 est,
314 1541 408 1619 aliquo
430 1542 579 1602 intervallo
599 1544 761 1618 interiecto,
789 1542 935 1603 benedixit
954 1545 1081 1606 calicem.

59 1624 123 1702 Quis
148 1628 240 1690 dicere
268 1627 375 1688 audeat
394 1629 435 1688 ibi
454 1646 512 1688 non
532 1629 620 1690 luisse
642 1646 745 1706 corpus
768 1629 886 1706 Christi,
914 1632 969 1690 nisi
991 1631 1080 1692 callos

58 1715 128 1788 prius
157 1715 343 1776 consecrato?
396 1715 498 1776 Nullus
529 1719 652 1775 omnino.
695 1714 898 1777 NCVICIUS:
929 1717 1019 1776 Estne
1051 1720 1080 1778 in

59 1799 103 1860 tau
121 1817 187 1862 casu
208 1805 326 1880 sanguis
348 1801 469 1862 Christi?
512 1800 747 1863 MONACHUS:
775 1803 884 1879 Etiam,
911 1805 941 1863 in
963 1821 1081 1880 corpure

59 1903 109 1946 non
133 1891 160 1950 in
187 1889 284 1950 calice.
325 1889 391 1949 Non
418 1892 494 1948 enim
516 1905 617 1965 corpus
641 1889 745 1948 Christi
773 1897 816 1950 est
844 1892 905 1952 sine
927 1893 1080 1970 sangoine3

61 1989 108 2034 uec
134 1983 228 2038 tamen
255 1977 296 2036 ibi
317 1983 361 2036 est
380 1993 433 2052 per
454 1979 684 2052 conversionem,
717 1979 784 2053 quia
804 1983 871 2037 ante
891 1978 1081 2054 prolationem

60 2057 330 2138 somniatorum,
352 2063 410 2122 Hic
431 2070 472 2122 cst
493 2067 622 2138 conpote,
644 2065 742 2124 vinum
763 2081 821 2124 non
843 2071 886 2124 est
910 2081 1081 2126 conuersum

58 2145 278 2227 insanguineum
319 2147 520 2210 NOVICIUS:
547 2150 596 2210 Da
623 2151 692 2210 mihi
721 2151 898 2228 exemplum,
927 2152 1005 2228 quod
1026 2152 1080 2212 sub

59 2238 143 2308 specie
169 2239 252 2313 panis
280 2237 317 2295 sit
345 2253 447 2312 corpus
470 2236 574 2296 Christi
602 2244 757 2313 antequam
786 2239 858 2298 calix
887 2239 1081 2299 benedicatur.

60 2317 280 2384 MONACHUS:
305 2321 441 2399 Superius
463 2323 586 2399 capitulo
608 2325 734 2384 secundo
756 2325 847 2385 habes
868 2326 1031 2402 exemplum
1051 2328 1081 2384 iu

60 2409 155 2469 risione
176 2408 346 2471 Gadescalci
368 2413 418 2486 qui
437 2427 505 2470 mox
525 2411 642 2487 prolatis
662 2411 708 2472 his
728 2412 838 2487 verbis,
859 2413 926 2472 Hoc
949 2419 992 2472 cat
1012 2429 1080 2472 eor-

55 2507 108 2566 pus
133 2515 243 2570 mcum,
272 2495 343 2556 vidit
364 2496 506 2556 Christum
533 2501 563 2556 in
588 2500 679 2558 forma
699 2498 834 2558 humana.
876 2498 1080 2560 NOVICIUS:

61 2577 88 2638 Si
110 2585 199 2644 etaim
221 2583 351 2643 Christus
372 2590 417 2643 est
436 2585 475 2643 ibi
495 2591 589 2659 totus,
620 2585 762 2661 superflue
783 2585 896 2646 ridetur
915 2586 985 2645 mihi
1006 2586 1081 2646 calix

60 2672 212 2732 consecrari.
243 2669 477 2740 MONACHUS:
499 2671 559 2732 Sub
576 2671 688 2732 duabus
701 2689 769 2749 ergo
785 2673 936 2749 speciebus
953 2672 1080 2732 celebrat

60 2749 107 2814 boc
129 2763 337 2818 sacramentum
357 2757 501 2833 Ecclesia,
533 2765 566 2817 ut
593 2762 706 2819 animae
735 2765 764 2819 et
789 2761 916 2836 corporis
936 2760 1079 2836 susceptio

59 2837 222 2920 luChristo,
252 2851 281 2904 et
307 2846 453 2921 utriusque
482 2845 611 2906 liberatio
638 2847 772 2906 innubis
792 2845 975 2923 significetur.
1016 2845 1080 2908 Nec

58 2924 113 3000 plus
132 2932 184 2991 sub
206 2939 342 3006 unaque,
374 2949 428 2992 nec
448 2935 542 2991 minus
564 2933 617 2992 sub
629 2932 729 2992 altera
750 2938 861 2992 tantum
881 2935 1002 2993 sumitur
1021 2932 1079 2996 hoc

59 3025 263 3078 scammoniam.
304 3017 414 3077 Eadem
427 3020 502 3078 enim
523 3021 595 3078 ratio
614 3025 666 3094 est,
685 3026 718 3078 ut
739 3021 780 3079 ait
795 3019 941 3096 Hylarius,
961 3022 991 3079 iu
1012 3037 1079 3082 cor·

59 3113 117 3172 pore
129 3103 239 3180 Christi,
260 3121 334 3180 quae
354 3107 383 3162 in
404 3122 509 3165 marma
526 3109 689 3182 praecessit
720 3104 767 3165 De
789 3123 846 3183 quo
869 3108 917 3182 qui
937 3106 1002 3183 plus
1015 3109 1079 3169 col·

59 3183 159 3268 ligabat,
179 3209 237 3252 nou
259 3191 381 3268 amplius
401 3190 536 3267 habebat,
556 3210 610 3254 nec
631 3195 680 3268 qui
694 3193 787 3252 minus
803 3201 963 3269 paraverat,
984 3197 1078 3256 minus

59 3270 243 3360 inveniebat2).
278 3277 480 3339 NOVICIUS:
502 3279 577 3340 Satis
600 3279 635 3339 de
657 3280 701 3358 his
723 3280 871 3356 expeditus
893 3298 965 3341 sum.
999 3263 1078 3342 ΜΟ-

60 3355 216 3425 NACHUS:
247 3364 313 3425 Non
343 3365 479 3426 inutiliter
504 3366 550 3425 his
577 3362 740 3442 praemissis
768 3363 916 3427 videamus
939 3373 1077 3444 quantum

60 3450 153 3519 padue
172 3457 202 3512 et
220 3450 327 3528 gloriae
348 3459 509 3513 mereantur
530 3454 692 3517 sacerdotes
715 3453 800 3532 digne
821 3455 1012 3516 conficientes.
1073 3481 1075 3490 ·

332 3637 789 3692 &samm-..-

76 3857 104 3928 i)
118 3861 176 3917 AB?
192 3863 269 3935 quid
286 3865 313 3920 si
330 3866 361 3920 iu
378 3863 483 3920 calice
500 3871 584 3938 post.
604 3894 635 3905 -
653 3865 686 3936 2)
702 3863 785 3922 uxos.
803 3865 845 3930 16,
863 3864 904 3920 ta.
