2608 4252
434 251 489 312 nn
511 226 826 316 senonensem
1108 259 1148 318 as

110 389 213 450 usquo
228 380 293 449 pest
312 373 379 434 solis
401 391 536 434 oceasum
557 377 612 450 ipsi
628 374 788 436 voventes?
831 375 1032 438 novicino:
1055 378 1149 440 Video

109 469 142 520 et
167 461 294 522 admunt.
336 459 570 522 MONAOHUS:
604 461 760 524 Considera
787 480 910 540 ysenam
939 467 1000 524 eius
1027 467 1059 524 in
1079 465 1149 526 Sar-

107 547 211 624 dauay
226 545 255 629 ¹),
285 565 360 622 quae
380 551 409 608 iu
432 566 545 609 samem
566 566 651 608 uersa
672 549 767 610 oleum
788 553 850 610 siue
872 555 1030 612 cessatione
1052 553 1149 613 stillat.

103 633 208 696 Huius
227 638 266 696 roi
295 641 382 694 testes
402 635 724 712 innumerabiles-suut,
754 639 802 713 qui
831 637 867 696 de
898 637 998 698 eodem
1027 640 1091 700 loeo
1118 643 1148 702 ln

101 723 226 782 malenti
252 723 412 798 vanientes,
441 722 536 783 oleum
565 723 642 798 quod
668 725 698 784 in
729 723 820 784 oculis
840 727 968 800 ipsorum
990 725 1025 785 ds
1048 725 1149 788 eadem

101 824 195 868 asom
214 810 335 884 imagine
356 816 503 885 receptum
525 816 576 884 est,
593 817 652 870 tam
663 807 775 890 nobis²)
791 829 877 886 quam
892 811 991 872 oeter'is
1012 813 1149 890 religiosis

101 895 318 956 distribuerim.
352 895 389 956 In
403 895 574 970 quibusdam
595 913 664 956 vero
681 897 811 974 ampullis
834 905 948 961 tetesto
966 899 1043 958 idem
1054 900 1149 960 oleum

99 983 208 1058 incipit
221 984 366 1044 neaman
395 982 482 1058 Quod
502 985 593 1046 virtus
612 986 734 1046 nominis
750 984 862 1046 Maias
885 985 1040 1050 daemones
1060 987 1147 1065 fuget,

100 1075 224 1145 praesto
245 1075 311 1130 suut
333 1069 472 1145 exempla.

449 1241 682 1304 CAPITULUM
706 1243 809 1306 XXV.

209 1366 255 1426 De
275 1381 425 1438 converso,
447 1369 499 1442 qui
514 1385 572 1442 per
593 1367 658 1425 Ave
678 1365 782 1425 Masta
804 1367 842 1426 ab
864 1367 1053 1444 infestatione

454 1452 564 1514 dioboli
589 1453 731 1514 liberatos
754 1451 804 1513 est.⁴

173 1573 281 1636 Retulit
301 1573 371 1636 mihi
391 1574 537 1638 walterus
560 1575 595 1634 da
616 1575 740 1634 Birbeeh
762 1575 920 1635 monachus
943 1575 978 1634 de
1001 1575 1147 1653 claustro,

103 1660 256 1723 diabolum
285 1663 398 1722 cuidam
424 1679 561 1722 conuerso
590 1662 694 1722 ordinis
721 1665 811 1724 nostri
830 1664 870 1722 ita
891 1663 977 1722 fuisse
999 1664 1147 1740 infestum,

101 1757 137 1808 ut
166 1765 227 1808 nou
253 1765 304 1826 per
332 1752 534 1826 signationem,
562 1766 620 1810 uon
641 1767 692 1826 per
713 1749 838 1824 aliquam
861 1753 1017 1809 orationem
1039 1751 1075 1810 ab
1098 1751 1147 1812 illo
1219 1809 1222 1814 .

99 1841 210 1912 posset
235 1835 357 1896 liberati.
400 1836 555 1896 visibiliter
581 1836 622 1898 illi
649 1853 806 1912 apparens,
835 1837 932 1896 multis
962 1837 1054 1898 modis
1081 1855 1147 1904 eum

100 1923 218 1981 terruit.
257 1922 383 1984 Suasum
406 1930 449 1982 est
471 1925 496 1982 ei
518 1923 677 1999 aquodam
699 1924 914 2000 viroueligioso,
935 1932 967 1982 ut
988 1925 1147 2002 angelicam

99 2009 308 2068 salutationem
327 2015 426 2068 conns
439 2016 633 2069 occurrentem
654 2011 799 2086 proferret.
844 2010 930 2087 Quod
945 2029 1011 2070 oum
1026 2013 1147 2086 iecisset,

99 2094 249 2170 malignus
274 2098 389 2172 spiritus
416 2099 498 2172 quasi
518 2098 631 2156 turbine
658 2097 798 2172 impulsus
828 2098 975 2157 clamavit:
1004 2098 1146 2158 Diabolus

100 2181 210 2242 dentes
222 2185 248 2242 ei
261 2185 393 2258 excutiat,
406 2175 459 2259 'qui
472 2189 500 2242 te
514 2182 569 2243 hoo
584 2183 689 2242 docent.
723 2183 828 2260 Sisque
841 2185 977 2246 liberatus
995 2191 1038 2246 est
1051 2187 1088 2246 ab
1104 2203 1147 2246 eo.

344 2403 346 2410 ι
434 2373 667 2434 CAPITULUM
698 2373 817 2435 XXVI.

211 2451 285 2560 item
307 2495 486 2569 dismissa,
509 2514 586 2572 quoe
609 2496 708 2555 eodem
730 2474 1039 2574 benefioio'illuatoneo

481 2582 641 2644 diobolicas
668 2587 766 2642 evasit.

173 2701 286 2764 mama
307 2704 463 2780 quaedam,
495 2707 569 2765 siout
590 2705 660 2766 mihi
680 2705 777 2766 retulit
797 2703 936 2780 subprior
957 2711 1069 2780 noster,
1097 2709 1146 2780 qui

100 2788 185 2850 illam
211 2794 306 2865 uouit,
343 2791 392 2852 diu
420 2791 597 2852 adaemone
626 2793 679 2852 sub
710 2795 805 2868 specie
842 2793 936 2869 angeli
965 2791 1147 2856 illudebant,

102 2875 172 2936 Non
190 2879 215 2938 si
227 2877 296 2938 data
308 2878 401 2938 iuerat
423 2878 554 2939 diseretio
577 2881 733 2954 spirituum.
776 2879 1055 2953 Diabolussaspius
1073 2879 1146 2959 ialsa

104 2963 232 3040 quadam
258 2965 444 3026 ououmiusus
481 2965 609 3026 maulaio
629 2965 670 3024 iili
692 2969 839 3042 apparuit,
869 2973 897 3024 et
918 2966 1052 3026 seminam
1074 2969 1145 3028 sim-

102 3049 209 3128 plicem
228 3052 394 3114 familiarius
415 3051 581 3130 alloquens,
606 3051 651 3112 dis
673 3053 800 3129 quadam
820 3055 849 3112 in
871 3051 1034 3116 nummoli
1055 3054 1145 3114 verba

102 3141 244 3214 prorupit:
272 3139 356 3202 Nunc
377 3142 461 3202 venio
490 3156 672 3202 remunerare
693 3146 731 3199 te.
773 3139 923 3214 Requisita
945 3139 1047 3202 eodem
1068 3147 1144 3202 tems

101 3241 175 3302 pore
196 3243 214 3287 a
233 3227 393 3288 consessore
416 3243 468 3286 suo
500 3226 643 3303 quomodo
665 3226 793 3300 haberet,
816 3244 882 3289 cum
904 3229 930 3292 ei
950 3227 1144 3303 responderet,

102 3313 224 3388 optinum
255 3313 389 3374 sacerdos
411 3317 485 3376 esus
512 3316 556 3372 uir
572 3313 698 3388 prudeus
719 3312 854 3376 fiduciam
871 3317 1062 3396 responsionis
1083 3316 1145 3376 eius

101 3398 296 3476 possiderem,
325 3417 443 3464 eausam
463 3402 616 3476 inquisivit
683 3399 735 3458 Cui
758 3417 823 3464 oum
846 3401 1039 3476 eonfiteretur,
1066 3400 1144 3476 quod

100 3487 140 3550 ab
173 3487 275 3564 angelo
303 3486 420 3550 Domini
453 3489 579 3548 crebrius
612 3489 806 3563 visitaretur,¹
821 3491 914 3548 sciens
946 3487 992 3547 ille
1022 3487 1143 3550 docente

100 3571 243 3650 Apostolo
275 3573 410 3651 angelum
441 3576 623 3635 tenebrarum
656 3591 687 3634 se
720 3573 920 3652 transfigurare
952 3575 981 3632 in
1009 3573 1143 3650 angelum

118 3759 152 3829 1)
168 3758 299 3828 §estanar
323 3759 425 3816 videtur
448 3776 505 3816 osso
534 3759 635 3816 sitan
660 3760 692 3814 de
719 3761 832 3827 Sumay,
854 3759 949 3812 ordinis
970 3759 1144 3813 cistarciensis

171 3831 197 3882 iu
215 3827 302 3886 Gellia.
321 3861 352 3874 -
371 3832 404 3901 2)
423 3831 442 3885 0
459 3831 654 3899 Episcopis3
676 3831 741 3883 coni.
759 3831 824 3894 vni,
841 3831 883 3884 84.
