2506 4254
101 314 106 330 ,
419 249 481 314 ΒΕ.
496 247 722 315 nmnonnls.
758 273 761 278 ·
796 284 797 288 =
993 321 998 326 ¹
1022 250 1085 316 235

72 381 153 436 motus
166 372 183 456 ¹)
204 392 256 452 per
266 373 340 450 loos,
360 375 535 452 pestilentias
556 376 719 450 stramem,
740 380 920 450 terroresque
939 372 976 434 de
996 373 1087 449 coelo,

73 465 189 540 etsigue
207 459 364 543 mogoa2).
398 462 480 522 Lioet
498 462 571 522 heeo
593 464 689 524 omnis
710 467 777 522 ente
799 460 874 520 diem
905 459 1001 520 iudicii
1022 460 1086 537 ple·

71 549 125 611 nius
150 552 205 609 siut
231 547 393 626 implenda,
425 566 461 609 ex
492 555 573 624 parte
604 556 701 609 temen
730 565 766 608 ee
796 547 920 609 vidimus
951 545 1087 623 implete..

72 637 214 696 seeundum
254 635 333 714 quod
370 637 500 696 subiecta
534 635 722 696 declarabunt
760 633 898 709 exempla.
953 634 1087 695 Vidimus

72 725 136 782 eninr
155 726 235 800 tigne
254 723 400 784 stellarum
417 729 447 783 et
466 739 614 798 pressuras
634 724 776 798 gentium
798 721 958 781 audivimus
978 722 1087 782 sonitus

72 813 146 870 muns
165 817 194 870 et
213 806 396 889 fluctuum³);
425 809 586 868 audivimus
607 811 693 868 etiem
714 807 792 885 quod
819 807 893 866 filius
914 807 1036 868 hominis
1057 809 1088 866 in

72 897 181 958 nubibus
200 898 280 957 risus
300 897 345 972 sit,
368 903 546 971 terroresque
568 894 604 956 de
624 895 714 970 coelo,
735 901 765 954 et
784 896 866 972 signa
885 911 998 970 magne.
1040 892 1088 954 De

71 985 141 1058 igue,
170 983 366 1059 elementoque
387 984 523 1060 superiori
544 982 582 1042 ad
604 982 682 1058 quod
700 982 801 1045 stellae
820 983 973 1058 pertinent,
995 981 1087 1057 primo

71 1069 126 1130 loeo
145 1069 297 1132 dicendum
316 1076 372 1146 est3
394 1077 496 1148 postea
517 1069 553 1130 de
574 1071 675 1130 ceteris
694 1085 746 1146 per
766 1067 903 1130 ordinem.

368 1259 599 1322 CAPITULUM
624 1257 780 1342 xxm)

296 1385 344 1444 De
366 1383 504 1444 dindime
524 1383 592 1443 eolis
612 1386 644 1443 in
666 1390 852 1460 tropario.

126 1504 209 1590 Anno
222 1505 339 1566 Domini
359 1504 507 1565 millesimo
528 1504 723 1566 ducentesimo
745 1510 834 1581 serto,
855 1503 987 1582 Philippo
1008 1504 1089 1582 Rege

73 1591 222 1653 celebrante
235 1595 342 1654 curiam
357 1592 522 1653 sollemnem
544 1593 806 1668 comprincipibus,
826 1594 939 1669 signum
952 1608 1089 1668 magnum

71 1681 192 1755 apparuit
210 1682 240 1739 in
262 1679 331 1739 sole.
373 1679 407 1738 In
429 1686 486 1739 tres
507 1678 647 1754 siquidem
667 1685 764 1754 partes
786 1676 894 1738 divisus
915 1684 974 1754 est,
995 1680 1036 1738 ito
1057 1683 1090 1737 ut

71 1765 208 1828 ionrvelle
229 1773 325 1829 esseut
344 1768 417 1826 inter
437 1773 548 1842 partem
577 1772 606 1825 et
625 1771 750 1841 partem,
778 1765 816 1825 ed
835 1768 925 1825 instar
944 1764 1008 1842 lylii
1031 1770 1090 1824 tres

72 1851 147 1912 iores
166 1853 307 1915 habentis.
350 1853 436 1930 Quod
457 1854 507 1914 ubi
526 1853 619 1914 notari
640 1855 742 1928 eoepit,
769 1852 852 1916 multi
872 1858 1089 1927 concurrerunt,

72 1955 149 2015 super
181 1946 261 2002 teuto
284 1939 421 2000 miraculo
455 1939 641 2016 disputantes.
692 1938 875 2000 Hermennus
907 1956 977 2002 vero
997 1939 1089 1998 Leut-

73 2027 178 2100 grevius
210 2029 410 2102 interpretatus
439 2032 497 2102 est,
530 2026 607 2102 quod
635 2042 710 2086 unus
731 2026 767 2087 de
786 2027 961 2104 principibus
980 2027 1090 2102 imperii

73 2111 164 2172 eodem
183 2131 258 2175 euno
288 2116 439 2174 moriturus
471 2120 561 2190 esset3
582 2131 637 2174 neo
665 2107 727 2173 eret
746 2114 850 2175 idonee
870 2117 931 2174 eius
950 2117 1090 2189 interpre-

71 2201 140 2260 uno.
179 2202 250 2262 Post
270 2200 390 2260 multem
410 2201 511 2260 horem
533 2197 707 2281 oonieruut⁴)
732 2207 843 2279 partes,
865 2207 894 2261 et
913 2201 1090 2278 redintegre-

71 2283 149 2368 tum)
169 2295 213 2348 est
233 2303 337 2364 oorpus
357 2287 458 2348 solare.
493 2286 596 2348 Abbes
617 2287 742 2348 Kerolus
763 2288 937 2363 Vilerieusis,
957 2305 1011 2348 neo
1031 2303 1090 2348 nou

71 2377 96 2430 et
118 2374 273 2435 monachus
301 2376 362 2434 eius
382 2374 517 2450 therus
545 2374 638 2434 eidem
665 2377 759 2436 ouriee
787 2375 986 2452 interfuerunt3
1015 2389 1090 2450 queo

71 2456 138 2520 dioto
162 2467 229 2522 sunt
254 2459 401 2536 viderunt,
435 2461 519 2522 uobis
548 2461 650 2522 eodem
676 2468 804 2539 tempore
833 2465 896 2522 vise
927 2463 1090 2523 referentes.

69 2543 150 2608 Foeta
170 2553 212 2609 est
232 2547 307 2609 haee
327 2550 399 2608 visio
420 2550 503 2608 tertio
520 2548 669 2608 Kalendas
689 2548 845 2609 Februarii.
886 2547 1089 2610 NOVICIUS:

70 2629 138 2706 Quid
157 2635 207 2695 tibi
220 2634 380 2712 significare
401 2634 514 2694 videtur
526 2637 665 2711 tripertito
684 2635 757 2696 hoec
778 2636 846 2696 solis
860 2634 980 2696 divisio?
1011 2632 1089 2694 ΜΟ-

69 2715 229 2783 NAGHUS:
250 2721 332 2781 Deus
352 2727 460 2782 statum
479 2724 591 2798 imperii
605 2723 779 2800 principibus
792 2725 970 2800 congregetis
990 2727 1089 2782 osteu-

71 2803 129 2867 dere
147 2809 245 2870 uoluit.
286 2807 338 2869 Sol
363 2809 477 2884 *videtur
505 2809 561 2869 hoo
587 2809 652 2870 loco
681 2804 829 2887 designare
850 2810 1012 2869 Romeumn
1029 2810 1089 2868 im·

69 2895 176 2966 perium.
216 2893 326 2976 Siout⁶)
348 2895 393 2956 sol
414 2896 610 2973 magnitudine
631 2902 661 2956 et
684 2895 834 2972 splendore
853 2895 999 2972 praecellit
1022 2897 1089 2954 unt·

69 2996 143 3042 verre
154 2982 258 3060 sydera
278 2981 359 3058 coeli,
379 2985 420 3042 sio
440 2983 517 3043 idem
538 2985 688 3059 imperium
708 2985 857 3059 eugurstius
878 2981 969 3060 fulget
989 2983 1089 3044 ceteris

68 3069 153 3142 ruguit
182 3070 289 3130 muudi.
321 3068 427 3146 'Apud
444 3069 622 3130 'Romanum
652 3071 802 3146 imperium
833 3069 1005 3147 quaudoque
1036 3070 1090 3130 nu

68 3155 237 3232 nomene,
268 3162 301 3216 ut
327 3158 403 3218 siout
423 3157 523 3218 stelles
544 3157 640 3218 lumen
661 3157 769 3218 hebent
789 3174 807 3218 e
828 3155 905 3232 sole,
932 3159 973 3218 ite
992 3157 1089 3236 Reges

69 3247 97 3299 ut
119 3259 233 3320 regnare
260 3243 560 3320 possent,.hsberent
580 3244 617 3305 eb
643 3242 827 3319 Imperatore.
875 3243 993 3327 Triplex
1020 3243 1089 3305 solis

69 3322 158 3388 divisio
179 3329 347 3407 dougnobot
367 3329 492 3392 sehisrno
508 3333 626 3407 imperii,
646 3332 676 3390 iu
696 3337 753 3390 tres
773 3333 915 3408 principos
927 3333 1018 3406 dirisi,
1039 3333 1088 3408 qut

69 3427 158 3475 omues
182 3432 287 3478 nomen
314 3417 438 3479 Romani
462 3418 551 3494 Regis
578 3419 633 3477 eibi
659 3419 845 3494 usurpabunt
894 3419 1007 3481 Primus
1035 3418 1088 3478 tun

68 3497 232 3581 modericus,
254 3505 303 3584 qui
323 3503 418 3566 edhuo
438 3511 520 3584 petre
541 3506 656 3568 vivente
676 3504 768 3568 fueret
786 3507 817 3566 in
837 3505 948 3586 Regem
968 3523 987 3565 u
1006 3506 1087 3582 priu-

84 3684 112 3754 i)
127 3684 148 3739 B
164 3696 400 3744 terremotum.
411 3717 443 3734 -
454 3689 486 3758 2)
503 3689 560 3742 Lue.
579 3690 622 3754 21,
641 3689 751 3744 tn-tt.
763 3719 796 3735 -ν
810 3691 844 3759 3)
859 3691 882 3743 Β
898 3689 948 3742 edd
965 3697 1086 3741 terrue-

128 3758 1086 3900 ostentationiuniretdiruunt:

679 3845 697 3902 θ
