2506 4254
173 293 237 354 260
485 291 712 355 ulsumcrlo
737 293 894 356 DECIMA

510 483 742 547 GAPI'HJLUM
762 485 873 546 LXIV.

276 606 324 665 De
345 605 418 682 lupo
444 624 522 683 quoe
541 607 703 666 scholarem
724 608 868 684 interfecit
889 611 921 667 in
945 606 1100 684 Carponio

212 761 217 772 ·
237 725 345 788 Retulit
364 729 447 788 nobis
468 727 570 788 Abbas
591 728 696 788 Daniel
722 728 759 788 de
780 728 930 805 luporem
951 731 1022 790 satis
1042 723 1183 787 mirabilem

173 812 207 872 In
229 813 371 890 Carpania
382 813 416 894 ¹),
436 817 542 890 inquit,
563 816 613 874 ubi
635 814 828 877 scholasticus
850 834 944 891 cram,
964 815 1132 876 scholaribus
1150 813 1183 872 dis

173 899 299 976 quadam
323 901 497 980 licentiatum
526 901 618 962 lueret
637 905 678 962 ire
699 903 737 961 ad
758 902 854 962 silvas.
897 902 954 978 Qui
975 905 1005 962 in
1025 918 1132 961 nemore
1148 899 1183 958 lu·

171 1004 227 1064 pae
248 995 361 1048 autrum
381 990 561 1063 reperientes,
582 989 692 1049 anuos
713 1007 813 1048 omues
830 991 981 1050 eiecerunt.
1013 989 1132 1065 Quorum
1143 1001 1184 1062 ps·

173 1073 224 1134 des
250 1092 323 1134 unus
349 1076 465 1150 bipenni
491 1092 544 1134 sua
570 1079 739 1158 amputavit.
781 1075 893 1151 Quibus
921 1076 1114 1136 recedentibus
1131 1073 1184 1148 lupa

172 1159 263 1235 rediit
284 1167 314 1220 et
322 1168 356 1220 ut
377 1161 535 1220 catulorum
556 1161 645 1238 pedes
666 1160 854 1244 praescisos²)
876 1163 955 1237 vidit,
976 1162 1133 1224 recedentes
1149 1163 1183 1218 in·

172 1254 280 1323 secuta,
300 1247 480 1308 solummodo
503 1265 568 1307 eum
591 1253 639 1324 qui
659 1249 715 1308 hoc
737 1257 841 1326 egerat,
862 1251 981 1309 nimium
1002 1250 1096 1308 lutens
1110 1249 1184 1322 impe·

172 1335 243 1392 tivit
285 1333 337 1393 Ille
357 1351 426 1394 vero
448 1338 566 1408 timeus,
595 1337 727 1395 arborem
748 1335 884 1396 ascendit.
928 1336 1021 1412 Quem
1044 1353 1106 1396 cum
1124 1337 1184 1392 inse·

172 1422 222 1496 qui
242 1436 299 1479 non
313 1428 419 1497 posset,
440 1423 534 1496 coepit
554 1423 698 1499 unguibus
720 1425 795 1482 circa
814 1423 925 1482 radices
946 1423 1052 1483 fodere.
1082 1421 1184 1480 Etcum
1241 1471 1242 1484 ,

172 1509 213 1566 sic
234 1525 292 1566 non
313 1507 564 1584 proficeretalios
584 1509 668 1584 lupos
682 1509 842 1570 advocavit.
873 1510 990 1568 Interim
1008 1507 1185 1568 nunciantibus
1241 1539 1242 1552 κ

172 1593 358 1669 scholaribus,
379 1595 508 1654 homiues
531 1595 566 1654 de
588 1596 657 1655 villa
678 1614 743 1656 curn
764 1595 883 1673 gladiis,
895 1591 1079 1674 cuspitibus³)
1100 1599 1126 1653 et
1142 1593 1184 1651 ba·

172 1680 243 1742 cudis
264 1684 290 1741 ei
310 1684 340 1741 in
360 1683 496 1742 auxilium
517 1684 678 1756 venientes,
700 1683 783 1759 lupos
803 1684 975 1760 abegerunt,
999 1685 1028 1741 in
1049 1681 1135 1741 medio
1152 1679 1185 1737 sui

171 1767 252 1828 illum
287 1767 432 1830 ducentes.
481 1769 571 1844 Lupis
603 1771 728 1830 invitatis
760 1769 798 1829 ad
829 1770 929 1829 horam
962 1769 1138 1845 sequentibus
1164 1771 1186 1823 et

171 1855 364 1931 redeuntibus,
384 1855 434 1915 illa
454 1855 516 1915 sola
535 1860 737 1931 perseverarit,
758 1857 903 1916 vindicare
924 1873 955 1917 se
976 1863 1089 1916 tentans
1108 1852 1185 1912 multis

172 1943 331 2003 conatibus.
372 1942 411 2002 Et
439 1959 504 2002 cum
532 1950 627 2002 essent
654 1946 775 2021 proximi
801 1944 900 2019 villae,
930 1943 1001 2020 lupa
1029 1961 1060 2002 se
1079 1937 1184 2018 periculo

96 2023 101 2052 ‘
172 2027 244 2088 dans
264 2031 293 2087 in
314 2029 452 2088 ultionem
474 2030 646 2104 catulorum,
675 2037 849 2090 armatorum
871 2030 1016 2090 custodias
1036 2031 1141 2106 irrupit,
1163 2029 1186 2084 st

172 2115 310 2176 scholaris
331 2115 417 2192 gulae
437 2116 572 2192 insiliens,
592 2119 721 2193 protinus
736 2120 861 2178 extinxit
905 2117 987 2193 Quae
1002 2119 1096 2177 statim
1109 2114 1185 2175 occisa

174 2209 226 2264 est
267 2201 472 2264 NOVICIUS:
493 2203 570 2264 Satis
590 2207 677 2265 miror
697 2205 774 2280 quod
795 2205 954 2264 scholarem
974 2204 1055 2266 illum
1074 2215 1185 2280 proees-

173 2291 241 2351 teris
262 2306 434 2368 cognoscere
454 2295 555 2366 potuit
584 2289 819 2352 MONACHUS:
840 2291 934 2351 Multa
954 2290 1112 2352 huiusmodi
1129 2287 1187 2346 tint

174 2376 230 2436 Dei
250 2377 363 2454 iudicio,
384 2395 420 2438 ex
441 2378 546 2454 quibus
567 2395 657 2438 unum
678 2379 820 2455 estquod
841 2381 977 2454 sequitur.

516 2568 749 2630 CAPITULUM
771 2569 867 2630 LXV.

259 2691 307 2751 De
327 2691 444 2750 bomine
464 2694 548 2751 cutus
570 2707 670 2752 omncs
683 2689 788 2750 liberos
809 2692 873 2766 lupi
892 2690 1116 2766 suffocaverunt

236 2811 332 2873 Homo
355 2811 471 2889 quidam
499 2815 580 2871 iuxta
600 2810 774 2888 Aquisgrani
803 2820 860 2871 tres
887 2811 988 2871 babuit
1007 2812 1116 2872 liberos
1151 2803 1185 2864 bo

136 2915 242 2987 xvero
271 2905 398 2978 tempore
428 2917 484 2976 quo
506 2899 656 2976 Philippus
683 2899 789 2958 ibidem
817 2906 967 2958 coronatus
990 2905 1048 2974 est,
1075 2893 1148 2958 multi
1163 2893 1186 2949 iu

171 2987 318 3060 provincia
338 2988 399 3063 lupi
419 2986 598 3050 videbantur.
640 2986 685 3045 Ex
707 2986 811 3062 quibus
831 3003 906 3044 unus
927 2987 984 3044 iam
1007 2979 1187 3045 dictihomiuis

171 3071 308 3132 inlautum
329 3082 409 3134 extra
429 3073 547 3134 domum
567 3075 722 3149 reperiens,
743 3074 845 3150 rapuit,
866 3089 952 3149 quem
974 3073 1047 3133 collo
1068 3087 1117 3132 suo
1134 3066 1187 3126 inii·

173 3158 264 3233 ciens,
293 3159 380 3220 silvas
406 3164 516 3237 petivit.
557 3160 642 3220 Miles
663 3160 778 3236 quidam
801 3177 870 3220 casu
891 3176 941 3236 per
963 3161 1041 3218 riam
1061 3158 1187 3234 equitans,

172 3244 304 3304 nubemus
330 3247 460 3322 infantis,
478 3253 545 3325 post
576 3248 676 3324 lupum
705 3249 870 3321 cursitavit,
901 3262 1025 3322 eumque
1053 3248 1142 3304 rivum
1164 3243 1187 3298 ct

172 3330 344 3390 incolumem
366 3350 401 3394 ex
424 3334 556 3394 dentibus
576 3335 652 3394 illius
673 3337 806 3394 excussit
846 3332 912 3392 Non
934 3332 1024 3391 multo
1045 3337 1109 3408 post
1125 3325 1187 3388 idem

172 3433 244 3494 puer
264 3420 361 3478 nescio
384 3437 441 3495 quo
463 3420 519 3480 Dei
540 3421 643 3480 iudicio
655 3415 684 3479 *a
705 3420 773 3496 lupo
796 3421 919 3495 rapitur,
947 3411 1188 3494 praefocante

173 3504 337 3566 comeditur.
379 3505 517 3566 Habebat
542 3507 618 3566 idem
639 3507 731 3566 inians
751 3524 878 3567 sororem
899 3508 1037 3566 maiorem
1057 3523 1103 3582 sc3
1128 3513 1187 3578 qual

174 3609 239 3654 curn
254 3591 299 3652 die
314 3591 438 3669 quadem
451 3595 540 3652 missa
552 3594 689 3652 luissetin
711 3611 812 3670 agrurn
833 3592 872 3653 ad
892 3593 1079 3653 hauriendam
1099 3601 1187 3668 aquau

174 3680 210 3740 de
231 3680 324 3754 fonte,
345 3679 431 3755 lupus
451 3679 547 3737 multis
569 3679 732 3738 videntibus
753 3679 791 3739 ad
813 3679 890 3738 illam
912 3681 1051 3755 cucurrit,
1073 3685 1101 3738 et
1118 3681 1187 3736 auto¹

193 3795 222 3864 l)
238 3795 347 3864 llerpen,
363 3808 442 3862 prope
459 3789 602 3860 eerghem.
615 3793 687 3862 -2)
704 3793 772 3847 ΑΒῬ
788 3797 972 3862 praecisos.
984 3825 1015 3836 -
1030 3795 1062 3866 ³)
1078 3797 1114 3848 sic
1129 3787 1187 3845 coll·

242 3881 293 3918 cer.
311 3893 344 3905 -
362 3865 394 3934 4)
411 3862 433 3917 D
452 3859 639 3914 suffocatur.
