2506 4254
161 293 222 355 198
492 289 719 354 DISTING'HO
744 289 855 353 NONA

158 421 227 493 post
253 412 325 474 alios
350 429 497 476 aceunere
508 411 526 495 ¹)
552 415 714 475 destinabat
756 413 837 490 Ibat,
864 418 894 475 et
918 427 986 474 ecce
1007 409 1179 472 occumebaut

158 501 200 562 illi
221 501 359 578 aliquanti
378 502 479 562 iratres
499 519 583 562 sacra
603 501 704 561 altaria
724 503 910 562 circueuntes.
942 498 1101 576 Capitulum
1119 513 1178 558 uero

160 587 272 648 finitum
293 595 361 648 erat
403 588 471 665 Ipse
484 594 582 648 autem
595 590 734 662 nesciens,
755 595 836 648 etse
857 589 1026 663 tempestive
1047 585 1084 646 ad
1104 584 1180 661 Capi·

160 675 253 736 tulum
281 691 427 736 accurrere
453 672 650 754 aestimans²),
678 673 774 734 adbuc
795 675 911 750 orabat3
939 673 991 734 sed
1017 673 1179 748 subsequam

160 761 318 822 monachus
346 765 461 845 signum
486 764 586 822 tertiae
614 762 748 837 pulsavit
789 761 871 822 Tunc
900 760 1016 820 demum
1035 759 1180 835 intelligere

1241 907 1242 956 l

162 865 237 926 quae
255 852 331 909 circa
344 867 376 909 se
389 850 569 926 gerebantur,
589 865 621 908 se
635 850 673 908 ab
694 849 750 909 hac
771 865 848 908 noxa
873 847 914 910 illi
935 845 975 906 ad
994 840 1178 924 solvendum)

161 938 310 1012 commisit,
330 937 379 1012 qui
400 952 467 995 eum
487 937 529 996 sio
549 935 759 996 absentaverat

507 1123 739 1186 CAPITULUM
759 1123 857 1184 XLII.

169 1250 239 1308 ·De
259 1265 399 1308 maceres
420 1251 473 1324 qui
492 1247 567 1308 vidit
588 1252 620 1307 ia
641 1265 674 1308 oe
695 1249 817 1308 alterius
838 1250 970 1308 corwarsi
989 1247 1158 1308 sacedotes

417 1338 531 1394 mittere
548 1353 678 1412 puerum
694 1335 938 1410 pantomimum

163 1545 400 1604 communionem.
442 1545 509 1603 Fuit
540 1542 625 1621 plane
646 1546 676 1602 in
696 1546 820 1603 maximo
842 1550 956 1619 torpore
978 1549 1008 1602 et
1029 1541 1183 1614 diffidentia,

162 1633 204 1690 ita
231 1629 424 1706 quodetiam
453 1633 477 1690 si
503 1629 564 1690 ficri
592 1637 691 1707 posset
718 1630 806 1690 vellet
832 1647 864 1690 se
885 1646 984 1690 sacrae
1007 1627 1184 1690 communioni

161 1735 220 1778 non
240 1721 386 1778 interesse.
427 1717 608 1779 Procedebat
628 1719 714 1794 igitur
734 1718 772 1778 ad
794 1717 893 1792 altare,
917 1716 964 1776 sol
984 1718 1082 1793 potius
1101 1713 1183 1775 eundo

163 1821 195 1864 se
224 1806 307 1881 quasi
334 1803 536 1881 subtrahebat,
567 1803 640 1866 adeo
669 1810 702 1863 ut
729 1806 914 1881 sequentibus
942 1809 1019 1864 esset
1046 1801 1185 1872 molam,

151 1893 314 1971 =ipsumque
341 1889 539 1967 propellerent
583 1891 714 1967 Oumque
742 1897 861 1950 ventum
890 1896 966 1950 esset
986 1885 1057 1968 ad⁸)
1078 1886 1185 1968 gradum

162 1977 340 2054 presbyterii,
360 1995 515 2038 conversus
531 1978 604 2037 vidit
623 1977 711 2038 alium
722 1978 838 2038 tratrem
860 1977 897 2037 de
917 1993 976 2053 quo
990 1993 1079 2054 supra
1093 1976 1185 2036 dietum

164 2071 208 2124 est
242 2070 417 2140 sequentem.
469 2065 614 2142 Venitque
644 2066 669 2125 ei
695 2067 725 2126 iu
756 2067 923 2124 memoriam
953 2064 1028 2126 risio
1057 2061 1185 2139 quaedam

164 2167 252 2228 quam
273 2151 379 2212 abillo
403 2151 553 2225 didicerat,
577 2169 613 2212 ae
634 2152 730 2212 subite
751 2158 878 2211 mutatus
898 2152 927 2208 in
949 2152 1042 2210 virum
1063 2149 1186 2232 alterum,

163 2239 225 2299 ibat
252 2241 364 2315 spirans
393 2245 422 2299 et
448 2237 600 2312 anhelans,
633 2241 732 2314 spiritu
760 2233 856 2298 iudicii
882 2244 911 2297 et
931 2237 1042 2298 ardoris
1062 2249 1186 2298 accensus

166 2327 249 2402 quasi
278 2325 377 2384 fumus
405 2332 435 2385 et
461 2325 668 2400 inflammatus,
696 2328 737 2385 ita
763 2331 796 2383 ut
816 2341 847 2384 se
870 2341 973 2401 capere
994 2321 1190 2406 vix⁶)„posset
1245 2325 1246 2332 ’

165 2412 199 2470 Ιιι
221 2412 271 2472 tali
292 2428 360 2489 ergo
375 2414 474 2487 spirim
497 2429 563 2472 cum
583 2417 667 2488 esset,
688 2418 718 2472 et
736 2413 795 2471 iam
809 2411 847 2472 ad
862 2410 952 2472 altare
969 2411 1102 2471 alacnter
1120 2409 1187 2470 lesti-

164 2507 254 2574 narct,
275 2498 347 2557 vidit
366 2499 414 2560 ille
427 2499 614 2576 subsequens,
636 2504 665 2558 et
686 2515 721 2558 ex
742 2501 829 2575 signis
844 2498 1050 2575 apparentibus
1062 2493 1188 2558 interioris

165 2585 289 2646 heminis
309 2585 384 2644 illius
405 2593 511 2646 statum
529 2588 659 2647 coniecit
692 2585 978 2662 Humilienteitaque
999 2603 1032 2646 se
1052 2583 1113 2660 illo,
1129 2579 1189 2642 vidt

164 2675 217 2732 iste
248 2674 389 2751 posterior
397 2669 417 2753 ²)
448 2675 690 2748 speciosissimum
723 2689 844 2749 puerum
882 2673 1015 2732 manibus
1045 2669 1189 2734 sacerdotis

164 2759 288 2836 desuper
312 2759 401 2820 altare
422 2762 527 2836 accipi,
557 2765 586 2820 et
606 2763 635 2818 in
657 2776 690 2819 os
712 2759 787 2819 illius
807 2759 900 2819 fratris
922 2759 1035 2834 deponi.
1077 2758 1188 2819 Etcum

165 2847 287 2922 videret,
320 2853 413 2907 terrae
440 2847 646 2922 procumbens,
682 2847 777 2921 ipsum
809 2863 895 2922 quern
922 2845 1037 2906 viderat
1062 2842 1188 2908 adoravit

164 2932 237 2994 Moti
266 2940 333 2993 erunt
361 2940 459 2993 autem
487 2951 573 3010 super
600 2933 656 2993 hac
687 2935 772 2993 venia
792 2933 867 2992 illius
895 2933 1029 3009 quidam,
1059 2951 1096 2994 co
1123 2925 1189 3008 quod

164 3019 322 3081 inordinate
334 3021 434 3082 secuse
447 3019 599 3080 videretur.
630 3021 669 3080 Et
688 3022 825 3080 convenit
837 3037 903 3080 eum
919 3037 993 3079 uuus
1014 3022 1044 3080 iu
1058 3015 1189 3080 audientia

165 3105 304 3183 plurium,
334 3103 475 3186 nunans⁰)
504 3123 536 3167 se
564 3125 630 3168 eum
655 3106 907 3183 proclamatumm.
948 3105 991 3166 At
1010 3107 1057 3166 ille
1073 3103 1189 3168 'camum

165 3194 192 3251 ei
214 3194 263 3268 qui
282 3193 393 3254 sciebat
413 3196 566 3270 commisit,
595 3199 628 3254 ut
648 3194 686 3253 ab
708 3194 763 3254 hae
785 3211 851 3254 eum
872 3192 1047 3254 verecundia
1066 3195 1190 3253 tueretm.

229 1455 296 1516 lbat
315 1462 382 1533 post
401 1454 503 1537 haec‘)
525 1459 556 1517 in
570 1457 668 1517 Coena
681 1457 798 1517 Domini
812 1455 929 1533 quidam
942 1455 1028 1516 frater
1039 1453 1076 1515 ad
1086 1469 1182 1516 sacram

165 3277 222 3354 Qui
242 3280 359 3338 immisit
380 3282 406 3339 ei
422 3282 551 3356 spiritum
571 3281 676 3341 silentii
696 3286 726 3340 et
747 3283 857 3356 quietis,
879 3287 908 3340 et
928 3297 988 3340 uon
1008 3283 1101 3342 mouit
1114 3278 1189 3338 illum·

163 3364 253 3424 Porro
282 3364 329 3424 ille
358 3368 407 3441 qui
435 3383 555 3441 puerum
576 3366 650 3427 Jesu
676 3373 843 3443 susceperat
865 3373 894 3428 et
913 3368 1063 3446 portabat,
1092 3367 1149 3428 ibat
1166 3347 1214 3508 ιιι

164 3450 358 3514 resecabatur
371 3454 401 3511 in
415 3453 626 3514 similitudinem
639 3453 758 3531 fulguris
771 3454 967 3514 choruscantis
977 3449 1010 3535 ⁹).
1046 3449 1190 3516 Incedebsl

181 3585 213 3656 l)
229 3583 273 3640 ΔΡ
290 3601 481 3650 occurrere,
505 3586 537 3639 ll‘
549 3603 691 3641 currere.
710 3619 743 3628 -
761 3589 794 3658 2)
811 3587 875 3642 AC?
892 3602 1071 3641 occurrere
1090 3579 1190 3639 aristi-

231 3671 334 3720 maus,
358 3655 377 3709 B
401 3671 538 3709 currere
561 3655 1190 3781 existimans-3313&illiabsolveu·

230 3725 316 3789 dum,
333 3726 354 3778 ll
370 3725 423 3778 illi
440 3725 477 3777 ad
494 3725 737 3781 absolvendum.
751 3755 782 3769 --
798 3727 831 3796 t)
869 3726 975 3781 Cleua
991 3755 1024 3769 -
1037 3727 1069 3796 5)
1082 3727 1103 3781 ll
1118 3729 1189 3777 rulu-

230 3825 263 3836 -
278 3796 313 3934 (ἐξ
327 3795 578 3918 &mentam
598 3826 629 3838 -
649 3798 681 3866 7)
699 3796 720 3851 C
737 3799 836 3866 prior.
856 3827 887 3838 -
904 3796 937 3866 8)
955 3797 1081 3851 minans
1097 3787 1189 3850 ansb·

230 3893 261 3908 ...
365 3881 379 3918 ο
413 3875 421 3917 ;
455 3903 464 3932 ‚
517 3901 524 3918 ,
882 3901 884 3908 .
