2524 4252
179 291 242 350 aaa
413 373 420 380 υ
464 291 691 356 nmrmcmo
716 259 927 356 mosoma

475 441 708 562 suerranum
731 481 920 568 xxxvto

104 571 112 578 ι
181 606 229 665 Dc
249 606 394 665 monacho
416 610 468 682 put
484 614 609 682 proptor
637 609 784 666 cucullam
813 625 905 683 quum
933 611 1058 668 mortuos
1085 617 1192 670 amorra

409 693 576 768 prohibitus
597 701 639 753 cst
657 697 772 753 intrem
787 695 976 771 paradisum.

245 812 323 874 Ante
345 831 434 873 annos
455 831 564 891 paucos
576 811 593 894 ¹)
622 817 651 872 tn
673 831 760 892 regno
782 815 959 875 Francorum
981 815 1101 892 quadam
1120 815 1190 876 douo

180 900 285 960 ordinis
308 901 511 975 cisterciensis,
532 901 689 960 monachus
712 901 827 978 quidam
849 897 943 963 bou'ae
965 905 1040 963 vitae
1060 903 1191 963 laborabat

179 990 208 1046 in
234 991 334 1049 acutis.
385 988 441 1065 Qui
472 987 539 1046 dum
569 988 674 1064 duplici
703 988 797 1048 calore
825 995 1017 1065 torqueretur,
1043 989 1191 1048 infirmitatis

180 1075 288 1135 scilicet
310 1085 338 1134 et
359 1078 442 1150 aeris,
462 1077 575 1152 rogavit
594 1075 778 1133 infirmarium
802 1083 943 1151 quatenus
965 1079 1019 1136 sibi
1039 1078 1131 1136 liceret
1149 1093 1191 1135 m·

181 1161 284 1222 cullam
307 1179 426 1236 exuere,
456 1168 484 1221 et
511 1162 628 1220 induere
657 1163 816 1237 scapulare.
867 1163 952 1240 Quod
980 1163 1027 1222 ille
1055 1165 1190 1235 concessit,

179 1267 354 1324 compassus*
368 1249 487 1307 infirma.
531 1247 587 1324 Qui
609 1266 675 1307 oum
696 1250 801 1324 abiret,
828 1267 960 1309 reversus
993 1249 1127 1309 infirmum
1152 1266 1190 1308 re-

178 1339 251 1411 perit
273 1338 439 1410 exspirasse.
461 1335 526 1394 Non
548 1335 690 1394 modicum
706 1353 741 1394 ex
754 1336 810 1394 hoc
829 1339 967 1411 turbatus,
990 1337 1102 1397 domum
1122 1336 1190 1396 clau

180 1425 223 1496 sit,
245 1423 393 1497 scapulare
416 1425 544 1496 extraxit,
565 1422 687 1481 reinduit
703 1423 727 1480 ei
748 1422 900 1498 cucullam,
921 1426 1018 1500 sicque
1040 1427 1069 1482 in
1088 1421 1189 1500 matta²l

176 1508 256 1568 illum
284 1525 408 1585 ponens,
436 1508 564 1567 tabulam
593 1509 726 1584 pulsavit.
774 1509 951 1585 Deportatus
979 1513 1009 1569 in
1043 1511 1188 1582 oratorium,

176 1599 306 1671 proxima
326 1602 410 1655 nocte
432 1613 498 1655 cnm
524 1595 658 1655 monachi
686 1596 843 1655 secundum
870 1598 1101 1659 consuetudinem
1126 1599 1188 1656 circa

178 1700 280 1759 corpus
301 1683 427 1758 psalmos
449 1683 584 1759 legerent,
604 1681 652 1742 ille
673 1684 702 1740 in
722 1683 824 1743 feretro
847 1701 877 1744 se
901 1687 1011 1760 erigens
1033 1691 1061 1744 et
1082 1687 1187 1743 circum

177 1772 308 1846 spiciens,
329 1769 484 1830 monachos
506 1769 667 1829 advocavit.
700 1769 835 1845 Quicum
857 1773 944 1830 territi
964 1772 1093 1847 fugerent
1105 1785 1186 1830 omnes

175 1859 203 1916 in
242 1857 453 1929 dormitorium,
493 1864 612 1931 excepto
647 1856 803 1930 Subpriorc
839 1859 888 1932 qui
921 1861 1093 1918 constantior
1127 1863 1187 1926 arat,

112 1959 114 1964 ·
176 1946 217 2004 ait
238 1943 291 2002 illi:
313 1943 408 2002 Nolite
430 1946 538 2002 timore.
580 1943 644 2018 Ego
667 1960 730 2002 sum
751 1943 798 2002 ille
819 1943 905 2002 irater
926 1952 1037 2018 vester,
1059 1947 1104 2020 qui
1121 1959 1186 2001 rnor-

176 2037 243 2090 tuus
265 2031 305 2088 lui
327 2037 355 2090 et
376 2032 474 2089 revixi.
516 2030 628 2088 Vocate
649 2029 719 2088 mihi
740 2029 895 2089 Abbutem.
944 2031 1063 2090 Interim
1088 2033 1185 2108 signan-
1237 2065 1238 2093 r

174 2119 251 2178 tibus
273 2117 421 2176 monachis
444 2119 492 2192 qui
513 2117 658 2192 sugerunt,
680 2119 747 2190 quia
769 2119 936 2176 surrexisset
956 2124 1093 2193 mortuus,
1110 2118 1185 2176 lactus

175 2211 219 2270 est
239 2209 267 2264 in
290 2205 452 2264 dormitorio
473 2221 595 2280 magnus
612 2209 706 2262 motus
727 2209 813 2278 atquc
836 2221 1000 2264 concursus.
1043 2203 1185 2266 decedente

173 2290 290 2352 Abbate
311 2291 349 2351 ad
369 2291 518 2366 feretrum,
545 2292 586 2349 ait
606 2289 667 2350 ille:
696 2291 820 2350 Domine
851 2291 987 2350 confiteor
1016 2293 1097 2352 vobis
1121 2287 1183 2366 quod

173 2380 214 2437 sic
236 2387 322 2454 atquc
336 2380 376 2437 sic
393 2384 521 2436 mortuus
536 2395 614 2459 sum.
651 2377 764 2436 Ductus
786 2395 854 2448 voro
869 2379 906 2437 ab
929 2379 1040 2454 angelis
1060 2378 1097 2439 ad
1115 2394 1185 2453 para·

80 2455 82 2470 '
175 2464 276 2540 disum,
298 2482 364 2524 cum
384 2471 514 2539 putarem
536 2481 582 2522 me
603 2463 691 2523 libere
712 2481 797 2540 posse
818 2467 932 2540 intrare,
953 2469 1075 2526 accessit
1084 2465 1118 2525 ad
1127 2465 1183 2524 osti-

173 2570 223 2611 um
245 2557 360 2612 sanctus
381 2549 569 2624 Benedictus,
599 2558 628 2610 et
648 2553 701 2610 ait:
731 2551 802 2626 Quis
824 2553 898 2610 enim
922 2569 952 2610 es
974 2552 1027 2610 tu‘l
1069 2552 1182 2626 Respon-

172 2639 257 2699 dente
278 2655 325 2697 me
333 2635 363 2716 ³),
385 2654 438 2714 ego
461 2655 525 2696 sum
546 2637 704 2696 monachus
726 2638 831 2698 ordinis
854 2638 1062 2715 cisterciensis,
1084 2637 1184 2698 subiecit

171 2734 302 2786 sanctus:
324 2725 523 2800 Nequaquam.
554 2723 586 2784 Si
600 2724 758 2784 monachus
781 2742 819 2799 es,
841 2726 891 2785 ubi
913 2732 957 2784 est
978 2725 1093 2786 habitus
1112 2719 1182 2784 tuost
1236 2737 1237 2746 ¹

171 2813 231 2874 Iste
252 2813 332 2873 locus
354 2819 398 2872 est
419 2813 537 2886 quietis,
566 2817 594 2869 et
622 2818 654 2870 tu
675 2813 719 2870 vis
740 2814 843 2871 intrare
866 2829 931 2872 cum
952 2812 1055 2872 habitu
1074 2807 1182 2872 hborisl

171 2899 229 2975 Qui
257 2919 322 2960 cum
351 2901 604 2975 circumgyrassem
632 2915 729 2958 muros
757 2899 884 2957 eiusdem
911 2899 1090 2960 felicissimae
1114 2913 1181 2957 man·

170 2988 274 3062 sionis,
295 2996 324 3047 et
343 3002 395 3063 per
416 2985 553 3046 fanestras
575 2987 701 3044 saniores
723 2985 863 3060 quosdam
884 3002 1006 3062 magnae
1028 2985 1182 3046 reverendae

167 3071 225 3132 illic
247 3075 466 3149 conspexissem,
487 3074 537 3130 uni
555 3071 667 3130 illorum
690 3074 738 3147 qui
755 3075 860 3150 ¹ceteris
881 3069 1060 3152 benignior⁴)
1081 3071 1182 3132 videba-

169 3167 224 3233 tur,
245 3166 278 3218 nt
290 3178 342 3235 pro
356 3176 402 3219 me
423 3160 611 3219 intercederet
627 3159 799 3234 supplicavi.
842 3159 930 3222 cutus
951 3163 1110 3220 interventu
1127 3173 1181 3234 pcr-

170 3247 274 3304 missus
296 3263 360 3304 sum
373 3246 411 3306 ad
433 3264 536 3322 corpus
557 3245 658 3320 redire,
680 3248 766 3304 utsic
786 3245 887 3305 habitu
910 3263 928 3306 a
950 3252 979 3306 ta
1000 3255 1112 3323 recepto
1131 3258 1182 3302 me

168 3349 232 3394 rear
253 3331 290 3390 ad
310 3335 478 3407 promissam
500 3332 704 3393 beatitudinem
726 3334 847 3392 introire.
891 3332 956 3410 Quo
978 3333 1077 3392 audito
1095 3331 1181 3392 Atto

169 3417 310 3480 cucullam
330 3418 358 3475 in
381 3436 438 3493 qua
458 3421 573 3481 iacebat
594 3421 619 3479 ei
627 3416 647 3497 ⁵)
669 3421 805 3493 extraxit,
833 3419 973 3480 cucullam
996 3437 1082 3495 qnam
1101 3421 1127 3476 in
1144 3418 1181 3473 io·

166 3505 298 3566 firmitate
321 3512 437 3565 exuerat
459 3508 484 3566 ei
512 3505 671 3564 reinduens.
720 3505 826 3582 Sisque
854 3513 974 3582 accepta
1004 3505 1181 3567 benedictione

165 3611 277 3654 rursum
306 3594 468 3668 exspiravit.
517 3592 646 3654 Vocatur
674 3598 772 3652 autem
801 3592 918 3668 domus,
952 3595 983 3652 in
1011 3611 1068 3669 qua
1094 3584 1178 3664 haeo')

181 3729 214 3798 ‘³
231 3725 774 3864 totuaaronem·
792 3738 950 3866 corr
969 3725 1042 3850 er
1057 3731 1176 3862 ...„,

187 3829 635 3936 'mro-oudecstltr.
718 3825 799 3954 “-
944 3812 963 3866 g
1042 3825 1096 3850 '-
