2608 4252
112 295 150 352 14
414 293 642 358 DISTINCTIO
664 295 839 356 SEPTIMA

108 431 171 473 eam
199 416 266 474 iusti
293 415 515 478 revelationibus
544 419 734 479 consolentur.
781 416 1017 478 MONAOHUS:
1051 417 1147 496 Quam

108 499 224 562 mirifice
245 505 335 562 iustos
357 506 410 564 sibi
432 508 586 566 servientes
619 513 719 566 sauma
739 505 797 565 Dei
819 505 948 565 (ianitrix
969 505 1147 580 consoletur,

113 605 148 648 ex
169 592 268 665 paucis
291 607 364 665 qnae
386 594 535 653 sublicium
556 609 729 670 cognoscere
750 595 856 669 poteris
878 592 1023 668 exemplis.

413 817 418 826 ·
467 782 700 844 CAPITULUM
720 783 775 843 xi.

147 903 194 962 Dc
215 904 309 964 Petro
330 906 486 964 monocblo
509 905 623 966 ribbote
645 905 853 978 Claromollis,
875 909 924 965 cni
944 895 977 965 in
998 908 1115 966 ecclesia

261 991 393 1066 Spirmni
413 999 518 1051 sanctu
539 990 641 1051 Manio
663 991 889 1052 benedictionem
910 993 997 1053 dedit.

176 1111 272 1172 Causa
293 1114 407 1186 exstitit,
427 1119 460 1172 nt
481 1113 598 1189 quidam
620 1130 656 1172 ex
671 1112 836 1173 Abbatibus
859 1113 964 1174 ordinis
984 1117 1074 1175 nostri
1094 1131 1148 1190 pro

109 1201 225 1275 negotio
256 1199 360 1258 ordinis
396 1200 434 1260 ad
461 1199 618 1262 Henricnm
646 1201 852 1276 Imperatorem
887 1201 977 1260 filium
1004 1200 1149 1262 Proderici

110 1286 295 1344 mitterentur.
344 1286 423 1346 Inter
444 1304 517 1362 qnos
537 1289 709 1364 praecipuus
730 1287 881 1347 videbatur
909 1294 967 1347 tam
997 1291 1149 1349 sanctitate

109 1388 196 1445 quam
224 1372 376 1450 dignitate,
410 1374 541 1438 dominus
568 1374 671 1433 Petrus
699 1373 867 1434 monoculus
895 1372 999 1434 Abbas
1028 1374 1147 1436 Clarae·

107 1457 205 1533 vallis,
233 1461 314 1520 cuius
343 1463 449 1520 mentio
472 1461 572 1520 habita
602 1466 645 1520 est
666 1463 695 1520 in
717 1461 896 1520 distinctione
918 1469 1000 1520 sexta
1022 1461 1147 1538 capitulo

107 1544 268 1606 undecimo.
311 1547 350 1605 Et
370 1549 437 1623 quia
470 1548 601 1607 dominns
623 1547 816 1608 cisterciensis
838 1550 867 1606 in
888 1550 1004 1624 propria
1024 1566 1148 1625 persona

107 1633 205 1692 venire
226 1650 284 1692 non
304 1635 411 1710 potnit,
439 1634 569 1694 Priorem
589 1651 674 1698 sunm
702 1653 754 1710 pro
777 1652 809 1694 se
830 1637 914 1693 misit
957 1635 1149 1696 Venientibus

108 1720 149 1778 eis
170 1718 300 1795 Spiream
313 1717 343 1799 ¹),
373 1737 439 1780 cum
460 1724 489 1781 in
519 1721 640 1781 ecclesia
660 1723 764 1782 beatae
793 1722 849 1781 Dei
872 1720 1038 1799 Geniuids,
1067 1724 1149 1782 cuius
1238 1793 1241 1798 ¹

108 1811 250 1866 structure
271 1809 429 1884 stupendae
451 1807 652 1885 magnitudinis
674 1815 727 1882 cst,
748 1814 884 1883 orassent,
906 1811 1015 1868 cunctis
1037 1811 1117 1869 ocius
1125 1806 1147 1889 ²)

56 1943 57 1952 ,
109 1893 146 1953 ab
169 1897 296 1954 oratione
318 1895 506 1972 surgentibus,
529 1902 557 1955 et
571 1896 698 1954 eiusdem
721 1895 857 1955 ecclesiae
872 1895 1001 1955 aedificia
1022 1898 1147 1956 circnm-

108 1977 254 2042 lustrando
278 1981 536 2058 considerantibus,
564 1985 622 2041 iam
644 1982 735 2042 dictus
755 1983 875 2058 Petrus,
901 1985 981 2042 cuim
1003 1985 1148 2060 cogitatus

109 2071 138 2126 et
159 2067 310 2128 delectatio
331 2086 389 2128 non
409 2070 462 2128 snit
482 2071 511 2128 in
532 2068 668 2128 aediliciis
686 2069 924 2145 corruptibilibus,
946 2069 997 2128 sed
1018 2071 1047 2128 in
1069 2077 1147 2129 snu-

108 2158 190 2213 otura
210 2153 372 2214 Jerusalem
395 2155 539 2231 coelestis,
571 2158 600 2214 in
623 2159 749 2216 oratione
771 2159 972 2232 perseveravit.
1016 2156 1148 2217 Tandem

109 2242 240 2301 omnibns
263 2245 396 2319 egressis,
418 2260 484 2302 cnm
505 2245 533 2301 in
554 2245 666 2319 porticu
689 2233 826 2302 ecclesiae
848 2260 866 2302 a
888 2243 1031 2303 canonicis
1051 2243 1147 2303 hono-

107 2327 185 2388 rifice
212 2329 332 2388 fuissent
352 2329 482 2404 salutati,
506 2335 544 2389 ,et
573 2348 639 2389 eum
670 2332 803 2388 instantia
824 2329 915 2388 multa
936 2330 974 2388 ad
994 2329 1147 2405 prandium

107 2415 233 2490 invitati,
264 2418 431 2490 requisitum
453 2422 496 2476 est
521 2433 541 2475 a
562 2417 688 2492 quodam
709 2415 842 2491 Abbate,
869 2418 898 2474 in
928 2418 1008 2476 cuius
1037 2417 1147 2478 honore
1238 2409 1244 2420 ’

107 2501 229 2562 ecclesia
250 2502 351 2562 eadem
374 2509 450 2562 esset
470 2510 645 2563 consecrata
687 2502 938 2578 Respondentibus
960 2503 1085 2577 clericis,
1116 2505 1147 2564 in

106 2586 215 2648 lronore
246 2587 389 2650 Dominae
420 2596 549 2666 nostrae;
585 2589 688 2650 Abbas
721 2588 906 2650 claraevallis
938 2590 1145 2650 inconsiderate

107 2675 265 2735 subiunxit:
287 2675 325 2734 Et
347 2694 401 2754 ego
423 2677 558 2736 sciebam.
591 2675 677 2752 Quod
693 2678 814 2736 verbum
829 2676 910 2735 Prior
925 2675 1052 2736 Cistercii
1073 2693 1146 2736 con·

107 2760 243 2838 siderans,
264 2768 333 2822 tuno
355 2763 469 2840 quidem
490 2766 588 2838 tacuit,
610 2763 662 2822 sed
682 2780 750 2821 mox
771 2769 803 2820 nt
824 2765 931 2839 egressi
952 2768 1019 2821 sunt
1040 2765 1145 2824 civita-

106 2854 181 2924 tem,
209 2849 337 2910 eiusdem
357 2853 439 2912 verbi
459 2849 640 2923 reeordatus,
668 2851 709 2908 ait
729 2848 853 2909 Abbati:
880 2849 1004 2909 Domina
1026 2848 1145 2924 Abbas,

106 2933 191 2997 dicite
219 2938 302 3012 mihi,
334 2938 410 2998 unde
432 2938 564 2998 sciebatis
591 2936 724 3011 Spirense
746 2939 949 2995 monasterinm
977 2939 1006 2994 in
1036 2937 1145 2997 honore

105 3020 248 3083 Dominae
274 3031 391 3084 nostrae
418 3025 504 3082 inisse
528 3022 745 3083 consecratum?
787 3022 840 3082 Ille
862 3022 898 3082 de
919 3024 1009 3082 verbo
1031 3024 1144 3099 prolato

105 3108 213 3185 dolens,
234 3111 393 3186 respondit:
415 3112 519 3172 Visum
541 3118 585 3170 est
604 3110 675 3168 mihi
697 3111 770 3169 beno
792 3110 906 3184 decere,
929 3116 961 3168 ut
981 3116 1041 3168 tam
1063 3113 1144 3168 miri-

104 3196 177 3256 ficae
200 3205 358 3257 structurae
379 3204 499 3274 patrone
520 3197 592 3256 iorct
614 3203 707 3256 mater
726 3197 783 3256 Dei
805 3202 834 3256 et
856 3196 1001 3256 coelorum
1022 3196 1144 3272 Regina.

105 3283 185 3343 Prior
206 3285 280 3344 bene
301 3301 476 3361 cognoscens
497 3287 559 3344 eins
580 3286 775 3358 sanctitatem,
805 3289 833 3342 et
862 3285 929 3358 quia
954 3282 1062 3358 aliquid
1088 3285 1143 3343 sibi

104 3373 133 3430 in
155 3371 276 3430 ecclesia
296 3368 459 3430 revelatum
474 3370 581 3447 inisset,
605 3387 640 3430 ex
661 3373 845 3447 responsione
868 3371 1033 3444 ooniieiens,
1060 3369 1143 3429 adie-

106 3460 158 3517 cit:
180 3458 243 3535 Ego
264 3461 294 3517 in
316 3459 370 3517 hec
391 3460 439 3517 via
460 3460 553 3517 vicem
574 3474 642 3533 gero
666 3456 771 3516 domini
792 3455 916 3516 Abbatis
939 3455 1144 3532 cisterciensis,

104 3548 132 3604 ln
156 3547 235 3605 cuius
256 3547 425 3604 auctoritate
446 3545 530 3603 vobis
551 3545 710 3618 praecipio,
738 3550 772 3603 ut
797 3559 855 3601 non
876 3541 944 3600 mihi
966 3541 1066 3601 dicatis
1087 3545 1143 3602 nisi

103 3635 262 3692 vamtatem.
305 3632 386 3691 Tunc
406 3629 454 3690 ille
475 3629 639 3690 obedientia
659 3636 783 3703 artatus,
813 3647 878 3688 cnm
899 3627 1072 3687 verecundia
1093 3646 1142 3690 rc-

104 3719 232 3794 spondit:
266 3718 388 3795 Quando
410 3723 568 3794 prostratus
590 3716 688 3776 coram
709 3717 791 3776 altari
818 3731 870 3789 pro
899 3715 1025 3788 peccatis
1054 3717 1142 3788 meis,

122 3870 153 3938 1)
170 3870 276 3938 Spicum,
293 3869 398 3938 Speyer.
417 3901 447 3910 -
468 3869 500 3936 2)
518 3867 685 3936 besilius.
