2506 4254
425 283 480 344 un
505 280 733 344 russonum.
786 227 787 230 Ὺ
1033 255 1095 370 aar

76 407 146 469 nonis
167 405 203 470 de
224 405 339 483 Rulant,
361 408 410 483 qui
432 405 528 466 adhuc
548 407 628 464 vivit
671 404 701 464 Is
711 399 729 485 ¹)
752 403 832 462 fluxu
853 403 999 480 sanguinis
1020 401 1095 463 adeo

76 494 212 556 laborabat
233 501 262 556 et
282 494 485 568 infirmabatur,
510 492 637 570 quadiu
658 490 732 550 lecto
755 507 807 549 suo
830 506 887 548 non
907 506 959 565 per
980 506 1025 566 se,
1044 487 1096 549 sed

75 583 99 640 in
126 582 305 642 lintheamine
332 581 505 642 vertebatur.
554 578 611 638 Hic
640 578 737 638 audito
768 578 887 652 strepitu
916 583 944 634 et
972 575 1096 636 clamore

75 668 244 747 hgientium,
257 668 443 744 interrogavit
457 665 594 742 quidhoc
616 670 700 724 esset.
742 663 860 722 Etcum
880 663 1006 722 audisset
1026 679 1097 740 rem,

75 757 147 814 iussit
171 756 223 816 sibi
253 756 345 815 afferri
360 764 447 814 'arma
473 771 544 827 sua,
571 758 600 812 et
626 769 658 811 se
685 751 787 810 armari
807 752 837 808 in
863 749 938 809 lecto
961 748 1096 809 sedendo.

76 841 192 902 landem
212 848 301 902 strato
331 840 472 900 dextrario
501 856 570 914 suo,
599 835 655 918 et²)
685 840 828 898 accinctus
851 853 935 911 ense,
962 839 1045 896 iussit
1064 853 1096 896 se

75 925 152 988 levari
169 945 373 1004 superaquam
387 945 479 1002 suum,
500 932 529 985 et
542 925 649 985 fluebat
669 927 786 1001 sanguis
808 925 894 983 etiam
914 929 966 998 per
987 922 1097 983 sellam.

75 1013 249 1092 acceptaque
261 1015 362 1074 lancea
377 1016 464 1072 exivit
485 1012 594 1073 dicens:
616 1011 698 1070 Deus
712 1011 819 1071 adiuva
839 1027 895 1084 me,
916 1015 945 1068 et
965 1016 1097 1070 sanctum

76 1101 252 1178 sepulchrum
302 1101 359 1177 Qui
386 1106 468 1160 tanta
493 1099 675 1172 vehementia
702 1099 831 1175 prorupit
857 1099 887 1154 in
909 1095 1097 1172 Sarracenos,

76 1191 203 1249 nausiam
215 1194 245 1249 et
257 1191 478 1264 circumgyrans,
490 1187 652 1263 percutiens
666 1190 696 1244 et
709 1182 878 1261 propellens,
900 1183 976 1258 quod
998 1199 1097 1245 omnes

77 1273 217 1336 Christiani
244 1275 362 1334 animati
391 1280 420 1334 et
448 1273 598 1332 confortati
624 1278 691 1330 sunt
715 1289 767 1349 per
796 1287 862 1337 eum
883 1269 991 1346 solum,
1024 1270 1097 1330 adeo

77 1362 144 1437 quod
165 1365 308 1423 eiecomrnt
321 1361 418 1420 hostes
432 1377 450 1418 a
465 1355 602 1438 castris³).
647 1357 710 1434 Quo
731 1359 808 1440 facto
829 1356 912 1416 rediit
933 1357 1097 1428 adlectum

77 1448 233 1508 infirmitatis
254 1465 337 1522 suae,
370 1453 399 1507 ct
425 1449 509 1506 tertia
538 1445 583 1505 dic
610 1451 740 1505 mortuus
769 1449 821 1504 est
863 1442 942 1502 Audi
963 1461 1039 1504 nnnc
1061 1443 1097 1504 de

77 1535 172 1598 lustitia
190 1535 358 1596 miraccdum
380 1535 450 1594 satis
471 1533 634 1611 gloriosum

198 1707 203 1718 ·
270 1669 273 1674 '
384 1659 616 1750 dnervmun
636 1683 759 1767 xmp

78 1810 119 1872 De
137 1813 223 1874 milite
244 1815 328 1872 cubas
348 1815 435 1872 vineo
457 1813 589 1886 collecto,
613 1808 649 1870 ob
666 1809 877 1886 perfectionum
900 1808 1099 1871 decimationis

388 1899 501 1975 repleto
530 1897 774 1958 eattmtracotose.

134 2017 214 2084 Miles
236 2017 353 2096 quidam
376 2021 406 2078 in
427 2019 527 2080 dandis
549 2021 607 2080 suis
629 2017 746 2090 decurris
766 2024 863 2078 tantae
885 2026 947 2079 erat
968 2018 1099 2078 devotio·

79 2106 117 2166 nis
142 2125 175 2168 ac
202 2109 342 2182 institiae,
370 2113 403 2168 ut
431 2109 459 2166 ei
485 2123 628 2166 summum
657 2111 733 2166 esset
756 2106 882 2165 studium
902 2105 966 2166 illas
988 2105 1099 2166 solvere
1138 2127 1143 2136 a

80 2193 132 2254 duc
145 2211 231 2270 mora,
252 2196 312 2254 sine
327 2193 401 2268 dolo,
422 2195 483 2254 sine
500 2195 660 2254 vexatione.
680 2191 817 2252 Habebat
838 2189 963 2272 autem)
985 2195 1099 2252 vineam

54 2333 58 2346 .
80 2279 211 2354 quasdam
238 2297 313 2358 quae
336 2283 411 2340 cirea
432 2280 531 2340 decem
553 2286 676 2340 carratas
697 2281 844 2338 annuatim
865 2279 958 2340 iacere
979 2279 1100 2339 solebat

80 2364 209 2444 Tempore
237 2367 363 2444 quodam
387 2374 420 2427 ut
440 2372 507 2443 post
527 2368 620 2442 patuit
639 2367 731 2444 mag'u
753 2382 789 2425 ex
810 2365 867 2426 Dei
888 2366 1099 2443 dispensatione

81 2469 157 2528 qnam
178 2472 213 2516 ex
234 2456 308 2515 aeris
327 2455 509 2530 intemperie,
533 2459 685 2530 postquam
708 2450 858 2513 collectum
881 2461 924 2513 est
942 2455 1099 2529 vinumque

81 2555 241 2616 expressum,
262 2559 321 2600 urta
340 2547 451 2607 tantum
469 2543 585 2601 inventa
608 2546 651 2600 est
663 2546 784 2615 carram.
812 2539 877 2616 Quo
899 2540 996 2601 audito
1010 2539 1100 2613 miles,

80 2641 153 2687 servo
180 2645 231 2688 suo
261 2628 380 2688 verbum
409 2629 546 2687 memoria
567 2626 684 2704 dignum
704 2626 863 2703 respondit:
896 2625 982 2702 Quod
1003 2645 1100 2686 meum

82 2720 141 2786 erat,
159 2717 257 2792 inquit,
277 2714 346 2774 mihi
367 2714 508 2774 Dominus
529 2713 603 2789 tulit,
624 2729 678 2790 ego
698 2713 738 2772 illi
759 2715 918 2789 portionem
939 2730 1021 2784 suam
1041 2729 1101 2772 non

81 2799 211 2878 amoram3
240 2801 315 2862 vade
342 2807 371 2860 et
398 2800 436 2860 da
464 2799 605 2860 sacerdoti
633 2806 773 2860 comatam
800 2799 875 2860 hanc
906 2817 958 2876 pro
980 2800 1100 2860 decima.

83 2882 156 2961 Quod
170 2895 198 2947 et
217 2888 325 2948 sactum
346 2894 398 2948 est.
440 2885 551 2948 Eodem
564 2893 692 2962 tempore
713 2885 808 2946 militis
829 2903 982 2962 germanus
1002 2903 1102 2947 sacer-

82 2969 126 3032 dos
146 2973 258 3050 quidam
279 2977 359 3034 iuxta
379 2973 553 3052 praedictam
573 2975 687 3032 vineam
707 2975 857 3048 transiens,
881 2990 945 3032 eam
967 2975 1031 3033 uvis
1051 2990 1100 3034 re-

81 3057 170 3120 tertam
190 3061 276 3145 vidit,
297 3078 422 3136 moxque
438 3060 476 3123 ad
497 3061 611 3120 fratrem
632 3062 748 3134 intrans,
770 3059 806 3119 de
825 3059 1000 3136 negligentia
1019 3060 1100 3122 illum

82 3150 165 3222 argob
185 3148 296 3210 dicens:
319 3147 415 3224 Quare
437 3146 563 3206 nondum
585 3146 705 3206 collecta
725 3153 770 3205 est
790 3148 875 3206 vinea
895 3145 1012 3207 vestra?
1038 3148 1100 3208 Re·

26 3272 30 3288 .
82 3233 226 3308 spondente
246 3235 310 3309 illo,
339 3234 386 3296 diu
412 3233 532 3296 collecta
553 3240 611 3311 est,
639 3232 773 3293 sacerdos
793 3234 954 3293 subiunxit:
981 3233 1102 3311 Nequa-

82 3333 173 3398 quamp
199 3322 257 3383 iam
284 3321 363 3384 illam
387 3321 501 3396 plenam
524 3320 591 3380 vidi.
633 3319 802 3396 Quaesitum
824 3328 867 3380 est
889 3327 918 3381 ct
937 3324 1103 3397 inventum,

82 3419 128 3465 uae
146 3423 270 3485 unquam
292 3408 387 3484 aliquo
409 3425 484 3468 anno
506 3408 651 3468 uberiores
670 3407 777 3467 inactus
797 3407 864 3468 iacit
885 3427 972 3485 quam
993 3411 1021 3468 in
1041 3409 1100 3468 illo.

81 3487 153 3554 Haeo
173 3497 253 3556 nobis
273 3495 375 3556 eodem
395 3501 523 3571 temporo
544 3495 662 3554 recitata
681 3501 754 3571 sunt,
777 3501 806 3554 et
825 3499 895 3556 satis
915 3495 1000 3555 dolco
1022 3493 1100 3570 quod

81 3593 173 3640 noman
199 3581 294 3642 militis
322 3583 384 3641 siva
413 3581 469 3642 loci
495 3597 554 3642 non
582 3583 693 3642 rennui.
734 3579 824 3642 Aliud
850 3583 904 3642 tihi
922 3582 1044 3642 referam
1064 3579 1102 3640 de

82 3659 224 3729 humilitate
245 3667 413 3729 miraculum
433 3670 503 3728 satis
523 3685 669 3746 magnum.

99 3778 125 3848 1)
140 3779 160 3836 Β
177 3784 215 3838 lu.
234 3814 265 3826 -
284 3785 316 3854 2)
335 3793 366 3838 ct
383 3800 423 3836 om
441 3783 472 3838 Β.
492 3813 522 3825 -
535 3783 573 3852 ,3)
592 3783 635 3839 CP
653 3799 668 3836 a
686 3784 806 3838 caetris
822 3784 905 3846 suis,
926 3781 950 3836 B.
972 3780 1008 3834 da
1030 3782 1104 3832 suis

141 3856 264 3909 castris
282 3883 312 3898 -·
331 3853 363 3924 a)
381 3853 470 3908 llomll.
488 3853 529 3909 lll.
547 3870 572 3922 p.
590 3856 632 3908 ts.
652 3883 682 3896 -
700 3855 734 3924 4)
752 3851 796 3906 BC
813 3854 905 3906 onim.
