2506 4254
162 304 225 366 aec
381 264 384 278 ’
476 301 703 365 nrsuuucno
727 303 884 364 nucum

161 429 259 488 statim
280 443 345 486 cum
366 424 456 486 mdta
477 426 623 486 alacritate
645 427 727 486 rediit
748 427 786 486 ad
808 426 967 503 dominam;
1000 431 1029 486 et
1048 425 1094 486 ille
1112 427 1178 502 rapi-

161 531 218 574 nae
242 529 311 572 suae
332 529 456 588 poenam
476 513 572 588 luens,
600 521 728 572 mortuus
751 513 853 574 cecidit
873 517 902 572 in
925 520 1038 573 terram.
1078 511 1178 574 Novl-

163 598 266 660 CIUS:
295 599 372 675 Quid
401 606 445 659 cst
466 600 544 675 quod
565 608 681 660 sanctus
702 603 840 661 succurrit
860 600 1030 676 periclitanti
1050 598 1179 674 amedee,

164 693 193 747 et
220 703 278 746 nou
293 688 464 764 aegrotanti
485 685 628 746 famulae?
677 685 913 748 MONACHUS:
942 687 1018 763 Quia
1040 687 1088 746 illa
1106 686 1178 746 alian

120 803 124 812 «
162 776 251 834 vitam
264 789 323 833 non
337 773 473 848 habebat,
495 790 581 848 quam
603 777 659 832 ista
679 791 730 850 per
752 774 839 834 fidem
860 774 1055 850 exspectabat.
1093 773 1179 833 Voluit

161 862 248 921 en’am
276 862 303 919 ei
332 859 482 920 ostendere
511 859 589 938 quod
613 860 709 919 dilatio
733 863 884 920 curationis
906 863 967 919 eins
988 877 1046 920 non
1065 860 1132 919 foret
1149 875 1178 918 ex

159 949 337 1026 impotentia,
357 946 408 1006 sed
431 963 466 1006 ex
479 947 674 1023 providentia;
698 950 765 1024 quia
785 950 876 1008 virtus
896 950 926 1006 iu
946 947 1104 1008 infirmitate
1122 963 1179 1024 per·

160 1033 254 1094 ficitur
265 1031 291 1114 ¹).
333 1031 413 1092 Audi
434 1033 512 1092 aliud
533 1034 710 1093 miraculum.

504 1223 738 1285 OAPITULUM
760 1222 855 1284 LVII.

230 1347 279 1405 Dc
299 1345 440 1408 columble
463 1345 674 1422 quibusnam
696 1347 844 1406 licentiam
867 1346 947 1407 dedii
969 1345 1115 1406 avolandi.

224 1465 311 1528 Miles
331 1465 447 1542 quidam
468 1466 623 1526 Ansclmus
642 1470 758 1528 nomine
780 1466 815 1526 de
836 1467 905 1526 villa
918 1466 1027 1543 LIsere,
1048 1466 1176 1528 columbae

158 1550 295 1628 plurimas
311 1556 418 1614 nutrire
434 1555 553 1614 solebat.
578 1554 699 1630 Dictum
721 1562 765 1615 est
785 1557 811 1614 ei
826 1558 893 1631 quia
907 1558 1033 1631 graviter
1045 1551 1176 1613 nunicndo

159 1637 222 1699 illas
242 1646 436 1717 peccareteo
451 1640 528 1717 quod
548 1648 611 1700 sata
626 1647 654 1700 et
674 1645 806 1717 granaria
826 1640 972 1702 laederent
993 1643 1177 1718 proximorum.

158 1724 214 1786 Die
229 1727 354 1804 quadam
368 1730 408 1787 eis
419 1727 457 1788 ad
468 1726 676 1788 comedendum
688 1745 831 1787 annonam
845 1730 1004 1804 proliciens,
1021 1745 1083 1788 oum
1093 1741 1175 1786 omnes

160 1820 255 1873 essent
268 1816 297 1872 in
318 1832 408 1873 unum
430 1831 526 1875 coram
549 1831 583 1874 eo
606 1821 805 1891 congregatae,
828 1815 904 1874 clara
925 1832 998 1874 voce
1016 1815 1118 1874 cunctis
1136 1813 1174 1888 qui

159 1900 279 1960 aderant
292 1901 473 1961 audlentibus
490 1901 617 1961 dicebat:
639 1902 701 1960 Vos
716 1902 875 1977 columbae,
892 1904 917 1960 si
930 1901 987 1960 Dei
1000 1902 1125 1961 voluntas
1134 1903 1175 1974 est,

159 1991 192 2046 ut
212 2004 300 2064 penes
321 2005 367 2046 me
389 1988 532 2062 habitetis,
553 1994 680 2064 manetc3
706 1991 749 2048 siu
770 1991 1040 2072 autem,·praecipio
1063 1987 1174 2050 robisin

161 2075 222 2133 eius
254 2077 384 2149 nomine,
411 2080 444 2134 ut
472 2077 568 2134 statim
599 2075 747 2134 recedatIs.
796 2074 844 2134 Ad
874 2075 951 2151 quod
979 2077 1096 2135 verbum
1121 2088 1175 2132 mor

163 2153 262 2220 omnes
285 2161 435 2221 columbae
457 2161 541 2220 simul
563 2178 593 2221 se
615 2161 753 2236 levantes,
774 2161 857 2222 simul
878 2162 1079 2236 avolaverunt,
1099 2174 1176 2236 neque

162 2246 236 2307 ultra
257 2265 388 2308 reversae
408 2255 475 2308 suut
495 2247 533 2306 ad
554 2247 604 2306 illa
626 2247 775 2310 domicilia.
817 2247 1020 2308 NOVICIUS:
1043 2244 1175 2325 Quomodo

161 2335 201 2394 ibi
230 2352 345 2394 manere
372 2340 527 2410 potuerunt
554 2341 652 2395 contra
676 2336 853 2395 voluntatem
875 2335 1021 2394 divinam?
1063 2330 1177 2394 Mont-

164 2419 281 2481 GHUS:
313 2421 379 2480 Non
407 2421 460 2480 luit
487 2421 542 2480 Dei
571 2421 719 2498 voluntas,
747 2429 780 2479 nt
808 2421 888 2482 miles
911 2423 1028 2482 easdem
1049 2420 1177 2482 columbas

161 2509 492 2584 nutriret3nontan1en
515 2514 614 2568 contra
636 2509 692 2567 Dei
712 2508 888 2568 voluntatem
913 2510 953 2567 ibi
975 2526 1038 2568 esse
1058 2508 1177 2585 poterant

161 2593 303 2654 Voluntas
330 2593 387 2653 Dei
416 2597 544 2670 potentia
573 2597 633 2654 eius
656 2601 707 2654 cst.
756 2594 840 2655 Unde
867 2597 897 2653 in
925 2595 1057 2672 Psalm03
1086 2594 1177 2654 Otroia

165 2698 360 2758 quaecuuque
388 2682 484 2740 voluit
516 2682 665 2740 Dominus
689 2683 760 2758 fecit
787 2685 819 2741 iu
841 2683 919 2742 coelo
942 2689 969 2742 ct
990 2685 1022 2742 iu
1044 2689 1132 2751 turo,
1155 2682 1177 2736 ct

161 2773 256 2828 cetera
264 2764 294 2848 ²).
337 2767 427 2826 Putas
448 2766 513 2828 Deo
535 2767 663 2844 placere,
685 2787 750 2827 cum
771 2770 842 2843 nisi,
864 2765 1030 2844 accipitres,
1050 2783 1136 2846 grues,
1155 2769 1176 2822 et

160 2860 272 2914 ceterae
293 2853 455 2912 huiusmodi
477 2871 545 2914 aves
567 2853 605 2914 ad
626 2854 756 2914 levitates
778 2853 963 2914 nutriuntur?
985 2854 1078 2914 Absit.
1115 2851 1175 2910 Pos-

148 2946 228 3012 sunt
248 2947 344 3000 nmen
367 2940 495 3018 aliquae,
524 2947 626 3017 utputa
648 2943 803 3019 cyconiae,
823 2941 860 3000 ad
881 2943 1066 3002 necessitates
1087 2957 1104 3000 a
1122 2935 1175 2997 reli·

160 3027 248 3104 giosis
276 3029 390 3102 nutriri,
419 3030 480 3106 sive
508 3027 658 3106 hospitarl;
687 3027 722 3088 de
752 3029 855 3105 quibus
879 3036 996 3106 propter
1017 3029 1175 3089 occasionem

159 3113 328 3172 miraculum
348 3115 400 3174 tibi
421 3115 557 3175 recitabo.

274 3375 277 3380 ,
493 3305 725 3370 CAPITULUM
753 3306 862 3368 LVIII.

172 3425 207 3482 a,
235 3428 360 3502 cycouiis
388 3425 494 3500 quibam
515 3429 608 3487 Prior
631 3427 823 3488 Cicwrcieuais
846 3427 1072 3488 benedictionem
1092 3424 1165 3486 dedii

224 3544 313 3626 Apud
342 3545 523 3623 CIstercium,
552 3549 601 3608 ubi
625 3557 712 3625 eaput
726 3557 769 3609 est
799 3549 903 3610 ordiuis
924 3553 1028 3626 nostri,
1056 3549 1175 3633 plmlmac

212 3633 304 3694 ilicant
328 3636 472 3711 cyconiae.
522 3634 609 3710 Quod
636 3636 702 3695 ideo
723 3654 742 3696 a
762 3637 897 3697 iratribus
917 3637 1056 3716 religiosis
1075 3633 1175 3714 permit-

212 3738 244 3795 r,
272 3722 340 3797 quia
360 3737 411 3798 per
431 3720 496 3782 illas
515 3739 574 3782 non
601 3723 694 3784 solum
720 3727 940 3801 monasterium,
969 3724 1021 3785 sed
1049 3719 1175 3786 omniait

200 3885 206 3933 t
224 3869 284 3924 Gor.
301 3871 333 3936 ll,
351 3871 394 3937 ¹2,
411 3870 436 3923 9.
456 3867 488 3916 -ὲ
505 3871 539 3941 2)
556 3871 621 3924 Paul.
640 3872 699 3938 tls,
717 3872 759 3924 11.
