2524 4252
12 3704 64 3848 ἰ

173 261 234 321 Μ
468 256 695 322 oleumcum
717 257 928 324 UNDEOEMA

171 381 270 458 inungi
289 381 398 456 petivit,
419 381 518 439 strix
542 381 672 456 obtinuit,
694 378 1107 458 connumerationem
1129 383 1209 460 quod

171 467 335 527 sanissimus
366 465 518 527 videretur.
567 466 741 544 Respondit:
773 467 869 528 Hodie
900 465 1013 545 oportet
1044 487 1092 530 me
1126 473 1208 530 mori.

170 553 282 616 Deinde
301 557 392 614 strata
404 559 503 630 matta,
524 569 556 613 se
576 555 606 616 ia
625 571 662 616 ea
675 556 810 632 reposuit,
831 561 860 618 et
870 551 887 634 ¹)
908 562 960 632 per
980 555 1111 620 tabulam
1133 573 1205 624 eon·

170 647 288 702 ventum
303 639 438 700 advocari
456 641 534 702 tecit
560 638 728 722 Perdictis²l
739 642 913 704 orationibus
928 659 995 705 cum
1008 644 1125 702 minime
1139 661 1206 704 mo-

169 733 284 802 reretur,
306 729 434 804 surrexit,
455 727 614 804 stolamque
635 730 664 786 in
682 745 740 806 qua
752 730 854 788 missas
876 728 969 788 dicere
984 728 1204 810 consueveram)

140 835 148 854 ¹
169 813 242 874 collo
263 816 427 891 imponens,
455 831 551 876 coram
572 813 655 874 altari
675 832 754 875 more
776 817 987 892 agonizantium
1008 833 1039 876 se
1060 819 1204 892 reposuit,

168 894 271 980 hanc⁴)
293 902 449 960 orationem
470 899 606 961 fundens:
634 897 788 984 Domina‘)
810 907 909 962 sancta
929 902 1020 980 Virgo
1042 901 1151 978 Maria,
1178 905 1203 963 si

168 1005 294 1064 unquam
322 989 373 1063 p'er
400 987 475 1046 hanc
503 987 607 1047 stolam
635 989 751 1048 missam
780 988 922 1050 celebravi
948 990 1001 1049 tibi
1022 989 1202 1069 placentem,

167 1077 279 1150 suscipe
301 1078 426 1133 animam
450 1091 544 1133 meam
565 1076 594 1132 in
614 1074 670 1133 hac
685 1074 771 1134 bora.
812 1075 972 1135 Exauditus
994 1083 1038 1136 est
1056 1069 1152 1138 iu'stus
1173 1085 1203 1136 et

167 1163 334 1238 exspiravit,
365 1166 394 1219 et
422 1160 579 1222 secundum
605 1161 786 1237 prophetiam
815 1165 875 1222 eius
896 1162 997 1222 domus
1017 1162 1068 1222 illa
1088 1169 1150 1224 tarn
1172 1165 1202 1223 in

166 1248 358 1327 spiritualibus
388 1265 474 1322 quam
506 1251 534 1308 in
567 1245 804 1332 temporalibus⁶)
837 1248 921 1308 valde
955 1247 1065 1309 deiecit.
1116 1249 1202 1310 Haec

166 1334 236 1393 mihi
261 1335 352 1397 relata
379 1339 445 1392 sunt
473 1353 491 1396 a
519 1333 645 1410 quodam
667 1333 784 1395 Abbate
807 1335 911 1395 ordinis
931 1337 1036 1410 nostri,
1063 1352 1119 1396 nec
1141 1354 1202 1396 non

166 1421 203 1480 ab
225 1421 390 1482 Everhardo
411 1422 551 1480 monacho
574 1429 602 1482 ct
623 1421 770 1482 sacerdote
793 1422 919 1482 ciusdem
944 1421 1083 1483 coenobii.
1125 1422 1202 1484 NO-

164 1507 312 1568 VICIUS:
334 1508 399 1567 Non
420 1511 506 1567 muer
525 1511 549 1567 si
563 1508 644 1567 Deus
666 1509 838 1585 quandoque
860 1511 950 1568 iustos
970 1509 1053 1583 tollit,
1073 1526 1111 1568 nc
1126 1528 1201 1586 pec·

165 1602 237 1658 cate·
252 1595 369 1655 dimissa
395 1601 540 1670 repetant,
568 1594 616 1655 vel
642 1612 679 1655 ne
708 1595 784 1656 male
804 1598 978 1654 imminentia
1005 1595 1138 1672 videant,
1169 1605 1201 1656 ut

164 1679 318 1762 Josiam⁷);
347 1682 399 1742 sed
427 1683 482 1742 hoe
510 1700 557 1742 me
585 1687 686 1756 terret,
718 1683 795 1758 quod
823 1684 890 1742 iusti
917 1681 1070 1758 aliquando
1101 1684 1199 1744 subito

163 1772 319 1846 rapiuntur,
340 1769 387 1829 vel
408 1769 486 1845 quod
499 1769 658 1828 horribilius
681 1774 732 1844 est,
753 1771 827 1846 igrie,
850 1771 941 1845 aquus,
961 1769 1009 1830 vel
1028 1773 1198 1846 praecipitio

163 1863 289 1932 pereunt.
339 1855 572 1916 MONACHUS:
606 1854 685 1914 Justi
712 1873 882 1932 quacunque
915 1861 1007 1916 morte
1034 1873 1199 1932 praeoccu-

162 1945 223 2019 pati
242 1943 352 2019 fuerint,
372 1946 402 2002 in
422 1943 565 2020 refrigerio
588 1937 707 2021 nunti).
741 1941 840 2002 Multis
862 1943 937 2002 euim
959 1944 1053 2002 causis
1075 1945 1199 2020 omissis,

164 2047 239 2108 quae
260 2032 398 2106 assignari
418 2035 550 2106 possent,
577 2045 636 2088 una
657 2034 715 2104 est,
744 2035 776 2089 ut
803 2030 922 2090 virtutes
943 2045 1043 2090 eorum
1063 2030 1198 2091 occultae

162 2117 308 2193 patefiant.

493 2303 725 2367 CAPITULUM
745 2305 863 2368 XXVI.

212 2431 259 2491 De
279 2427 394 2496 Abbate
413 2430 467 2504 qui
487 2431 520 2488 ia
540 2427 709 2489 Baawcric
729 2427 862 2488 inccndio
883 2426 1054 2504 suffocatae,
1071 2436 1145 2504 port

480 2521 605 2574 mortem
627 2515 774 2574 miraculo
793 2513 872 2589 fecit.

225 2636 302 2697 Ante
328 2636 384 2695 hoc
406 2636 643 2711 quinquennium,
672 2636 720 2709 qui
748 2653 824 2694 nunc
854 2640 897 2694 est
917 2633 987 2694 Dux
1006 2635 1194 2712 Bauwariae,

160 2745 248 2785 unum
271 2742 305 2784 ex
327 2723 491 2782 Abbatibus
513 2722 618 2782 ordinis
639 2723 727 2780 nostri
748 2720 786 2780 ad
807 2724 974 2798 sevocavit,
995 2725 1093 2783 nescio
1124 2723 1193 2800 qnid

161 2832 226 2873 oum
247 2830 281 2873 eo
302 2817 483 2870 tractaturus.
525 2809 616 2868 Nocte
638 2815 822 2885 praeparatus
845 2816 889 2868 est
909 2811 935 2868 ei
956 2809 1046 2870 lectus
1066 2812 1099 2870 in
1120 2810 1193 2870 hor·

159 2919 217 2961 reo.
246 2899 317 2976 ‘Qui
339 2915 405 2958 cum
426 2895 501 2956 dicto
524 2895 707 2972 completorio
735 2898 803 2955 isset
825 2896 966 2972 cubitum,
994 2895 1093 2955 lumen
1113 2897 1192 2974 quod

159 3007 178 3046 a
200 3003 337 3046 converso
359 2987 435 3060 posti
461 2984 553 3042 fuerat
581 2982 714 3058 infixum,
741 2984 771 3041 in
792 2979 945 3063 stramen’)
968 2983 1082 3058 cecidit,
1112 2991 1142 3044 et
1163 2987 1191 3043 in

159 3075 289 3132 flammas
310 3072 437 3149 proiecit.
471 3069 499 3128 A
514 3071 616 3145 quibus
631 3068 733 3128 Abbas
747 3071 894 3144 excitatus,
915 3087 981 3128 cum
995 3072 1099 3130 ostium
1114 3073 1192 3133 exire

159 3177 217 3218 non
238 3165 343 3236 posset,
364 3161 392 3217 in
408 3157 525 3216 modum
548 3159 638 3216 erucis
654 3173 685 3216 se
702 3159 731 3214 in
753 3163 858 3216 terram
871 3163 1058 3234 prosternens,
1082 3159 1190 3218 exitum

159 3265 243 3310 strum
253 3246 376 3304 Domino
389 3245 605 3304 commendavit.
628 3243 780 3320 Comperto
791 3243 921 3302 incendio
932 3237 1002 3302 Du'x
1016 3261 1081 3304 cnm
1092 3241 1190 3308 militi·

159 3336 213 3392 bus
228 3343 256 3392 et
271 3333 401 3391 omnibus
417 3333 465 3405 qui
482 3331 601 3392 aderant
613 3332 735 3390 accurrit
749 3328 786 3410 ¹⁰),
807 3332 975 3404 relectisque
989 3331 1071 3407 lignis
1086 3349 1122 3392 ac
1136 3335 1189 3390 sti-

157 3420 232 3500 pulis
246 3418 392 3478 Abbatsm
407 3421 571 3477 semiustum
586 3424 672 3493 atque
688 3419 842 3476 extinctum
856 3424 1044 3476 extraxerunt
1065 3417 1106 3476 itt
1121 3435 1188 3480 ecoe

176 3559 207 3627 1)
225 3555 245 3610 Β
263 3552 430 3620 reposuit,
452 3549 530 3602 hano
553 3549 691 3606 lundens
713 3551 908 3604 orationem:
926 3549 1056 3602 Domina
1075 3559 1188 3604 sancta

226 3625 325 3693 Virgo
342 3621 440 3672 blatta
458 3619 645 3674 exaudime.
663 3620 701 3672 Et
719 3617 980 3687 postea.-2)Bl¹*
998 3619 1187 3685 praedictis.

227 3690 355 3760 -ech
374 3691 552 3742 consuevit.
572 3719 602 3730 -
621 3690 653 3757 t)
671 3689 691 3740 Β
710 3689 790 3742 lianc
813 3705 944 3742 rursum.
959 3717 989 3734 -ν
1003 3689 1035 3756 5)
1052 3687 1187 3742 Domina

226 3783 267 3820 om
291 3765 319 3816 B.
344 3791 375 3801 —
401 3759 432 3826 6)
456 3757 495 3810 CP
519 3758 753 3826 corporalibus.
779 3787 808 3800 -
829 3760 861 3825 7)
882 3758 943 3827 lisg.
964 3758 1007 3821 tv,
1029 3757 1072 3810 23.
1099 3789 1130 3800 -
1156 3760 1188 3826 8)

225 3837 337 3903 sapient.
355 3832 381 3895 l,
398 3831 423 3880 7.
443 3859 474 3868 -
493 3828 524 3896 9)
544 3828 563 3880 Β
581 3829 744 3881 stramina.
764 3858 794 3868 -
816 3829 863 3897 10)
881 3828 902 3882 b
919 3831 1072 3882 occurrit.
