2608 4252
399 268 454 329 DE
475 268 632 331 sartum
652 267 794 332 meula
1073 272 1112 330 23

81 390 192 452 nullum
213 391 269 451 cibi
279 388 327 450 vel
347 396 433 466 potus
442 391 562 452 haberet
582 393 749 468 appetitum.
772 423 814 434 -—
835 389 902 451 Alio
920 391 1018 451 itidem
1039 399 1115 452 tem·

81 495 151 556 pore
183 495 250 538 cum
281 483 443 554 aegrotaret
473 477 635 538 infirmitate
666 479 873 555 peremptoria,
912 485 941 536 11
971 478 1030 538 tilio
1061 495 1115 538 suo

81 564 232 642 praedicto
244 563 372 624 Jolrenni
394 564 534 640 quasdam
555 567 681 624 visiones
702 567 841 639 recitaret,
863 581 1039 640 cognoscens
1059 565 1115 624 hoc

84 651 215 710 dominus
233 650 410 726 ¹(levardus,
441 658 509 709 tune
537 649 707 712 infirmarius
735 652 854 726 ibidem,
887 657 988 726 postea
1014 650 1116 712 Abbas

83 745 195 813 noster,
223 755 242 798 a
263 754 320 812 quo
342 737 415 797 11111
436 737 613 811 audirimus,
635 739 672 796 ad
694 738 823 796 Priorem
844 741 976 811 cucurrit,
998 741 1115 813 etquis
1174 733 1176 736 ’
1282 717 1283 720 ¹

84 825 215 884 dominus
226 823 402 883 Christianus
417 824 559 899 quaedam
572 823 690 884 mirifica
703 823 827 884 filiosuo
841 826 981 898 recitaret,
994 827 1116 885 nuncia·
1165 889 1170 901 ,

84 913 133 970 vit
175 911 247 970 Mox
268 911 350 970 Prior
371 910 409 968 ad
429 910 508 969 illum
529 913 662 986 veniens,
694 918 723 970 et
744 929 840 970 coram
861 913 923 987 ipso
945 910 1064 988 sedens,
1093 913 1117 970 si

85 997 193 1073 aliquid
213 997 292 1072 loqui
323 997 409 1057 vellet
431 996 466 1056 de
488 998 677 1071 confessione,
711 1015 746 1056 ex
766 998 904 1058 industria
925 999 1117 1074 interrogarit.

86 1084 139 1143 Cui
161 1081 260 1163 cum1)
288 1083 484 1160 responderet,
517 1085 722 1144 confessionem
742 1085 812 1160 leoi3
846 1086 1005 1144 subiunxit:
1034 1085 1117 1160 Rogo

85 1178 116 1229 ut
138 1169 246 1245 aliquid
267 1171 337 1229 mihi
358 1172 457 1229 dicatis
479 1170 517 1229 ad
538 1170 771 1230 aedificationem.
814 1171 896 1231 Tunc
918 1172 981 1230 ille:
1011 1170 1087 1248 Quid
1095 1167 1118 1250 ²)

85 1257 180 1316 dicam
201 1256 306 1316 vobis?
348 1257 418 1317 Jam
446 1261 520 1316 enim
541 1258 667 1316 Domina
697 1265 795 1318 nostra
824 1259 876 1316 luit
896 1266 962 1318 ante
985 1277 1030 1318 me
1053 1277 1118 1318 eum

86 1344 228 1418 filiosuo,
250 1351 279 1403 et
300 1344 461 1419 quiahoras
482 1361 562 1402 meas
585 1346 622 1403 ob
635 1347 758 1419 eorporis
780 1345 1003 1405 imbecillitatem
1025 1345 1119 1406 dicere

86 1447 144 1490 non
165 1432 255 1506 potui,
275 1433 334 1506 ipsi,
349 1448 396 1489 me
416 1432 556 1490 inverunt
600 1431 748 1507 Quasdam
768 1431 854 1490 horas
866 1431 1003 1507 speciales
1025 1432 1120 1492 dicere

87 1524 283 1578 consueverat
325 1516 465 1577 Universa
486 1519 558 1577 haec
580 1517 690 1577 audivit
709 1519 871 1593 praedictus
883 1517 1033 1578 Govardus
1054 1526 1120 1595 post

86 1613 200 1682 tergum
231 1604 336 1663 Prioris
364 1604 475 1663 sedens.
517 1605 711 1680 Interrogatus
733 1608 833 1679 etiam,
866 1605 962 1680 qualia
982 1606 1121 1666 haberent

87 1693 271 1765 vestimenta,
304 1691 461 1766 respondit:
496 1691 629 1750 Cucullae
663 1694 738 1750 siout
766 1699 794 1750 11
815 1709 876 1750 101.
918 1691 953 1748 In
975 1692 1024 1749 teli
1046 1695 1121 1751 enim

86 1777 189 1838 habitu
212 1795 243 1836 se
258 1779 284 1836 ei
299 1777 448 1836 ostendere
463 1777 571 1854 dignati
586 1785 660 1852 sunt,
682 1777 796 1852 qualem
816 1778 862 1838 ille
884 1795 935 1854 pro
958 1781 999 1837 eis
1021 1795 1120 1838 susce·
1194 1835 1196 1839 ,

87 1871 179 1940 perat
223 1864 328 1939 Sicque
349 1864 405 1923 fine
426 1865 514 1924 beato
536 1863 691 1938 decedens,
723 1865 760 1924 ab
782 1867 850 1940 ipsis
872 1871 1003 1939 receptus
1025 1872 1081 1940 111,
1103 1883 1121 1924 1

90 1951 196 2028 quibus
228 1952 349 2010 moriens
370 1952 462 2010 fuerat
482 1953 626 2026 visitatus,
659 1958 688 2010 et
716 1954 745 2010 in
767 1953 887 2012 aeternis
919 1951 1035 2011 sedibus
1057 1969 1123 2011 cum

88 2038 184 2114 gloria
205 2035 325 2097 10111111.
367 2036 470 2097 Amen.

434 2227 666 2290 CAPITULUM
686 2229 786 2290 XVII.

115 2349 165 2408 De
186 2353 310 2409 sacrista
332 2351 367 2408 de
388 2351 500 2424 Laeto,
523 2355 575 2426 qui
594 2359 679 2410 nocte
699 2359 835 2410 sonetum
855 2351 987 2410 Martum
1009 2367 1097 2426 ertper

401 2439 496 2497 altare
516 2439 641 2496 residere
663 2443 818 2514 conspexit.

156 2557 256 2633 Nuper
276 2559 433 2618 monachus
462 2558 578 2635 quidam
607 2559 712 2619 ordinis
740 2561 842 2633 nostri,
871 2557 968 2617 Adam
995 2559 1123 2632 nomine,

89 2662 143 2721 per
163 2661 218 2703 uos
239 2648 390 2720 transiens,
411 2649 483 2706 inter
504 2653 613 2722 cetera,
640 2646 759 2706 mirifica
780 2645 921 2721 quaedam
943 2644 979 2703 de
999 2644 1125 2702 Domina

88 2737 190 2791 nostra
225 2732 306 2790 nobis
345 2735 488 2808 recitavit,
528 2751 602 2810 quae
636 2736 665 2792 in
701 2750 753 2792 suo
782 2734 954 2792 monasterio
978 2723 1124 2790 ¹veraciter

88 2819 245 2894 contigisse
266 2820 431 2895 testabatur,
453 2821 614 2896 exquibus
637 2820 693 2878 duo
716 2823 811 2879 statim
831 2820 987 2894 proteram,
1016 2815 1125 2892 reliqua

88 2905 160 2965 locis
196 2907 420 2980 competentibus
452 2907 613 2966 reservabo.
656 2907 787 2966 Vocatur
814 2914 910 2965 autem
939 2905 1041 2963 domus
1064 2905 1125 2964 eius
1184 2945 1188 2949 -

88 2987 242 3072 anlra³),
270 2997 364 3052 11111
391 2995 446 3054 sita
466 2995 496 3052 in
518 2993 650 3054 saxonia
693 2994 746 3052 Est
766 2995 806 3052 ibi
828 2999 939 3066 custos,
968 2993 1011 3050 vir
1033 2991 1124 3050 bonus

88 3087 117 3138 et
140 3078 301 3154 religiosus.
344 3079 399 3154 Qui
421 3097 486 3138 oum
500 3088 584 3140 nocte
600 3080 724 3156 quadam
740 3081 892 3139 oratorium
914 3081 1037 3152 intraret,
1058 3084 1124 3137 1111

88 3167 247 3224 matutinas
269 3164 423 3226 Dominam
450 3174 578 3227 nostram
603 3175 741 3242 tanquam
763 3169 875 3224 oratorii
901 3172 1051 3240 patronam
1074 3181 1125 3223 su·

88 3270 141 3328 per
162 3251 254 3310 altare
268 3255 297 3310 iu
311 3253 401 3311 multa
413 3253 503 3330 gloria
523 3253 647 3314 residere
669 3255 824 3328 conspexit.
866 3252 913 3311 De
936 3270 994 3328 qua
1014 3252 1125 3310 visione

88 3337 177 3398 valde
198 3338 367 3398 laetificatus
390 3348 446 3416 est,
479 3359 596 3417 sperans
624 3343 809 3400 ministerium
838 3357 922 3398 suum
942 3338 983 3396 illi
1002 3337 1124 3413 placere.

88 3425 156 3486 Alio
180 3441 250 3483 vero
272 3432 399 3502 tempore
429 3445 494 3486 cum
523 3430 595 3488 ostia
624 3429 738 3510 oratorii
765 3434 915 3500 reseraret,
943 3427 1125 3500 venissetque

87 3511 126 3572 ad
150 3511 309 3588 cancellos,
330 3515 379 3573 ubi
399 3515 559 3589 hospitibus
582 3522 656 3574 stare
679 3517 765 3574 moris
787 3519 844 3587 est,
872 3512 1018 3571 diabolum
1040 3527 1126 3586 super

87 3599 242 3673 teretrum,
263 3601 291 3658 in
314 3599 405 3676 effigie
427 3601 549 3661 bominis
570 3604 719 3676 teterrimi,
746 3604 839 3661 iacere
860 3599 938 3658 vidit.
982 3598 1038 3673 Qui
1060 3614 1125 3656 cum

24 3823 25 3836 ,
108 3769 139 3835 ¹)
159 3767 180 3820 Β
200 3781 268 3818 cnm
286 3766 481 3837 111-111
500 3779 531 3822 er
549 3770 633 3838 quic.
653 3800 684 3808 -
704 3769 736 3836 1)
754 3759 931 3820 monasterum
949 3727 1040 3822 11111,
1058 3759 1125 3810 111-

24 3839 25 3854 1
159 3835 222 3902 11111,
240 3835 364 3902 beeheim,
382 3839 461 3890 tribus
479 3840 531 3891 lere
550 3839 657 3894 millibus
675 3837 761 3905 procul
779 3837 811 3888 ab
829 3835 891 3888 urbe
909 3831 1008 3885 ltllnden
1026 3829 1081 3878 luit.
