2608 4252
150 285 168 344 6
453 281 680 344 DISTINGTIO
701 281 875 344 SEPTIMA
964 343 968 350 Δ

149 403 309 480 Respondit
329 404 476 464 sacerdos:
497 405 631 480 Domina,
651 422 704 482 ego
726 423 836 481 pauper
857 422 921 464 sum
944 409 973 463 et
985 420 1109 480 persona
1130 403 1185 464 de·

150 498 257 566 specta,
278 508 335 550 non
356 509 402 550 me
424 491 535 567 audiet,
556 497 654 566 neque
671 493 740 550 mihi
760 493 871 568 patebit
891 507 1025 550 accessus
1046 491 1085 550 ad
1106 507 1184 552 eum.

151 579 244 637 Beata
263 579 353 654 Virgo
374 579 530 638 subiunxit:
553 575 658 653 Vade,
687 585 716 637 et
745 596 798 655 ego
825 579 877 638 tibi
898 581 979 638 dane
996 579 1185 654 praeparabo.

152 665 191 722 Et
210 664 272 724 ille:
300 665 440 739 Domina,
468 682 526 724 non
548 665 645 724 credet
668 666 763 725 verbis
785 669 865 724 rneis.
907 664 1068 740 Respondit
1085 664 1134 723 iila
1150 660 1185 744 ¹):

50 759 55 768 ’
152 751 239 810 Dices
261 753 359 827 eipso
382 754 480 828 signo,
507 752 584 827 quod
613 769 679 812 cum
700 752 755 812 tali.
770 752 842 812 hora
864 754 942 811 etin
964 751 1016 810 tali
1034 751 1099 811 loco
1122 749 1185 811 cili-

153 840 228 897 cium
248 857 332 897 suum
353 839 493 897 dissutum
513 841 673 912 resarciret,
695 855 749 914 ego
769 839 840 897 illud
862 857 898 897 ex
919 843 1002 914 parte
1023 855 1082 898 una
1101 845 1186 898 tene-

152 926 220 984 bam
242 925 382 984 adiuvans
404 942 478 983 eum.
521 924 680 1000 Statimque
708 925 805 984 credet
833 926 892 984 tibi.
935 924 1022 984 Mane
1050 924 1187 985 sacerdos

152 1013 213 1073 sine
224 1012 426 1087 impedimento
440 1015 548 1070 intrans
562 1011 599 1069 ad
611 1013 786 1087 Episcopum
804 1017 833 1071 et
846 1013 950 1072 beatae
964 1011 1020 1071 Dei
1034 1011 1187 1072 Genitricis

99 1130 105 1135 -
154 1101 179 1158 ei
202 1097 329 1158 deserens
350 1099 493 1173 nuncium,
515 1115 581 1158 eum
601 1098 648 1157 ille
671 1099 784 1173 diceret,
805 1099 881 1157 unde
904 1097 1019 1158 credam
1039 1104 1068 1158 te
1090 1099 1128 1158 ab
1151 1115 1188 1160 ea

63 1209 64 1214 ¹
129 1255 130 1258 Ἴ
152 1184 290 1243 missum?
312 1185 488 1260 praedictum
509 1187 620 1261 signum
643 1185 678 1243 de
693 1185 783 1244 cilicio
797 1186 952 1245 subiunxit.
993 1185 1058 1261 Quo
1080 1185 1188 1260 audito,

153 1272 256 1330 beatus
269 1271 400 1330 Pontifex
414 1277 531 1348 stupens
545 1270 629 1330 simul
642 1289 676 1330 ac
689 1289 808 1349 pavens,
829 1272 987 1347 respondit:
1007 1272 1084 1332 Ecce
1097 1271 1187 1331 reddo

153 1359 205 1417 tibi
232 1357 356 1417 officium
384 1364 478 1432 tuum,
507 1364 536 1417 et
563 1361 707 1434 praecipio
735 1359 787 1418 tibi
813 1364 846 1417 ut
874 1364 985 1418 tantum
1012 1361 1130 1420 missam
1152 1359 1189 1418 de

154 1445 397 1504 Domina-nostra
418 1447 518 1504 cantes
536 1462 570 1503 ao
592 1445 768 1520 frequentes,
801 1463 922 1520 oresqne
943 1463 995 1522 pro
1017 1463 1072 1504 me.
1114 1443 1188 1506 NO-

154 1531 301 1591 VICIUS:
323 1531 398 1590 Satis
418 1533 504 1590 miror
524 1534 661 1607 pietatem
674 1532 816 1591 Dominae
830 1538 953 1607 nostrae,
975 1531 1053 1608 quod
1069 1531 1189 1592 idiotam

155 1617 330 1694 depositione
360 1617 476 1695 dignum
505 1621 546 1677 sic
575 1618 750 1693 defenderet,
780 1624 808 1677 et
836 1615 897 1698 in2)
927 1621 1080 1678 ministerio
1107 1625 1189 1680 tanto

156 1705 272 1782 dignum
292 1705 437 1764 iudicaret.
479 1703 714 1765 MONAOHUS:
743 1705 809 1764 Hoc
837 1702 964 1784 actum³)
991 1711 1035 1764 est
1057 1723 1092 1766 ex
1114 1705 1191 1766 inei·

153 1786 232 1852 tabiit
263 1793 323 1852 eius
356 1792 562 1867 misericordia,
593 1793 668 1852 siout
694 1793 724 1851 in
756 1794 886 1868 sequenti
915 1791 1039 1868 capitulo
1066 1791 1191 1870 amplius

154 1880 384 1954 miraripoteris.

523 2069 756 2130 CAPITULUM
785 2069 823 2130 V.

169 2193 244 2250 Item
266 2193 301 2250 de
321 2192 471 2252 sacerdote
492 2195 525 2250 to
545 2193 658 2251 Dordas·
678 2192 773 2250 idiota
795 2199 822 2251 et
844 2192 982 2267 deposito,
1005 2194 1053 2252 eut
1074 2197 1181 2252 comto

376 2279 479 2338 Maria
512 2281 659 2338 ecetesiam
680 2281 796 2338 restitui
811 2282 971 2354 proecepit.
1026 2343 1028 2354 ¹
1091 2343 1095 2358 Κ

221 2417 381 2476 canonicus
404 2417 520 2493 quidm
548 2418 640 2476 sancti
662 2415 800 2476 Gereonis
821 2419 850 2475 in
874 2415 1007 2491 Colonia,
1028 2415 1193 2476 Harderar·

149 2499 240 2582 duat)
269 2506 396 2578 nomine,
426 2506 470 2562 vir
491 2503 608 2578 nobilis,
638 2504 773 2582 oriundus
796 2504 831 2562 de
852 2499 1066 2583 Merenberg⁵),
1088 2502 1194 2562 Pastor

158 2595 218 2648 erat
239 2585 388 2649 cuiusdam
409 2590 546 2650 ecclesiae
568 2607 654 2666 super
673 2591 792 2650 fluvium
813 2586 992 2670 Logonam⁶)
1015 2591 1105 2665 sitae,
1135 2606 1193 2649 vo-

159 2677 261 2736 cabulo
283 2677 387 2735 Derlar
399 2673 428 2755 ²).
472 2676 545 2735 Cum
566 2682 641 2736 esset
661 2677 799 2752 liberalis,
830 2683 858 2736 et
885 2676 976 2736 multa
997 2681 1194 2750 consumeret,

158 2780 212 2822 nec
233 2765 322 2822 annui
343 2765 369 2822 ei
395 2763 521 2822 redditus
542 2763 712 2838 sufficerent,
732 2769 836 2840 putans
857 2766 915 2822 iam
936 2763 1029 2823 diotae
1050 2779 1119 2822 suae
1141 2779 1193 2822 ec-

140 2849 261 2910 clesiae
287 2852 425 2909 vicarium
456 2850 576 2909 multam
605 2850 711 2910 habere
740 2853 906 2926 pecuniam,
934 2852 1059 2927 cogitare
1075 2845 1195 2925 coepit,

96 2963 99 2974 ·
159 2936 279 3010 qualiter
291 2937 398 3012 aliquid
411 2943 591 3011 extorqueret
604 2937 641 2995 ab
662 2937 720 2996 illo.
752 2937 907 3012 Sciensque
920 2954 1036 3012 prorsus
1048 2937 1194 2998 hominem

157 3022 346 3098 illitteratum,
381 3031 528 3099 assumpto
559 3041 656 3082 secum
685 3024 804 3084 Decano
832 3025 1047 3100 Limpurgensi,
1072 3027 1102 3082 in
1129 3025 1194 3099 ipsa

157 3109 310 3170 Dominiea
329 3110 401 3168 infra
421 3111 609 3188 Epyphaniae
632 3117 779 3186 octavam,
806 3114 887 3170 ciuus
913 3109 1039 3169 officium
1060 3108 1195 3170 difficilli-

159 3213 238 3255 mum
260 3203 318 3271 est,
347 3214 412 3255 cum
433 3215 466 3256 se
486 3198 620 3257 sacerdos
641 3203 854 3272 praeparasset,
883 3196 1034 3258 ecclesiam
1054 3203 1194 3272 tauquam

158 3285 276 3342 missam
308 3283 456 3342 auditurus
490 3286 614 3365 intravit.
670 3285 795 3358 Expavit
825 3284 872 3342 ille
900 3285 969 3342 visis
1000 3286 1087 3343 tantis
1114 3284 1194 3342 viris.

158 3370 250 3428 Facta
276 3376 372 3430 tamen
405 3371 595 3446 confessione,
622 3387 656 3429 eo
688 3371 765 3445 quod
797 3373 942 3446 ignoraret
969 3370 1093 3430 osticium
1122 3369 1195 3443 diei,

157 3459 302 3517 introitum
324 3457 359 3517 de
380 3463 480 3517 sancta
493 3457 608 3531 -Maria,
637 3457 758 3532 scilicet,
794 3459 916 3516 Vultum
945 3463 1031 3516 tuum
1053 3458 1194 3532 duorard-

179 3643 208 3712 1)
226 3641 265 3696 ΟΡ
282 3644 319 3695 ei.
339 3673 369 3683 -
388 3645 420 3711 2)
437 3643 467 3695 in
489 3641 539 3695 add
557 3642 631 3697 ACD.
651 3645 681 3683 -'-
707 3643 739 3711 3)
757 3643 777 3695 B
795 3643 925 3695 iactum.
946 3671 977 3682 -
1003 3641 1036 3710 4)
1053 3641 1098 3694 ΑΙ)
1116 3641 1194 3694 Har-

229 3712 377 3764 deradus.
397 3743 428 3752 -
454 3714 485 3779 5)
503 3711 652 3780 iterenberg
674 3712 734 3765 villa
757 3713 900 3781 Nasgoviae
923 3727 1003 3779 prope
1028 3711 1195 3782 Westerburg

228 3785 284 3834 sita.
307 3813 337 3822 —
357 3784 388 3849 6)
406 3783 482 3834 Lehn.
503 3782 524 3834 B
542 3783 707 3851 Loganam.
721 3811 752 3822 -
772 3783 803 3850 7)
827 3783 847 3834 B
871 3782 985 3834 Denar.
1010 3779 1115 3834 Videtur
1136 3797 1194 3836 esse

229 3852 294 3905 idern
311 3867 392 3920 prope
409 3851 488 3904 Dicta.
