2524 4252
185 295 247 354 em
454 259 681 356 orsrmomo
705 295 947 358 ouonnoum

185 417 306 490 stonum,
327 433 373 476 me
396 415 547 477 detinente.
581 417 616 476 In
637 417 752 478 residuo
775 436 891 495 corpore
908 418 949 478 nil
969 435 1121 496 poenarum
1139 436 1194 496 pas·

186 519 236 562 sus
257 520 330 561 sum.
372 503 456 581 Roga
475 506 561 581 igitur
582 521 617 564 ex
638 512 719 582 parte
740 523 806 565 mea
830 513 1019 582 conventum,
1049 512 1080 566 ut
1103 507 1195 582 aliquos

188 591 331 649 orationes
351 607 403 666 pro
425 607 472 650 me
493 591 558 650 Deo
581 591 694 666 offerat,
723 599 752 650 et
777 609 860 669 spero
883 609 929 652 me
951 595 1034 653 eitius
1055 593 1112 654 iore
1136 594 1195 653 libe-

187 675 317 734 randum.
359 676 450 752 Unde,
471 678 574 754 inquit,
598 680 688 737 sciam
708 693 762 738 vos
784 697 847 738 esse
868 679 1042 739 liberatum?
1082 681 1195 756 Respon-

190 762 230 821 dit
257 762 319 822 ille:
346 761 424 822 Ante
452 763 508 823 hoo
536 765 625 823 altare
646 765 703 824 tibi
731 766 886 842 apparebo.
937 765 1024 827 Dicta
1052 773 1114 827 sunt
1137 767 1195 827 haer

188 849 294 925 Priori;
321 850 504 927 iniungantur
532 853 689 927 orationes3
718 858 838 929 apparet
865 855 965 914 itemm
994 853 1143 928 monacho,
1166 854 1195 914 ab

90 979 94 990 .
189 937 320 996 omnibus
341 939 442 1013 poenis
462 955 494 1007 se
517 944 645 1013 ereptum
666 939 824 1015 gratulatur
836 936 863 1018 ¹).
905 937 1107 1002 NOVICIUS:
1124 939 1196 999 Miror

187 1030 282 1082 utrum
303 1022 367 1099 plus
388 1027 507 1084 mortuis
527 1023 642 1084 valeant
662 1027 804 1086 orationes
823 1025 872 1086 vel
893 1025 1098 1104 eleemosynae.
1134 1023 1195 1086 Mo-

185 1109 358 1171 NACHUS:
379 1110 457 1170 Audi
480 1111 515 1170 de
536 1111 593 1172 hoo
613 1110 783 1171 solutionem
806 1113 954 1172 cuiusdam
974 1115 1086 1174 mortui.

489 1301 722 1364 corrumpor
742 1256 919 1385 xxxur)

261 1423 310 1482 De
330 1430 450 1483 mortuo
472 1427 524 1500 qui
545 1425 740 1502 eleemosynae
760 1428 932 1502 praeposuit
953 1424 1138 1486 orationibus.

253 1543 377 1620 Quidam
390 1552 456 1621 post
469 1552 591 1605 mortem
612 1541 704 1606 amieo
726 1564 779 1606 suo
801 1563 949 1623 apparens,
970 1565 1038 1608 eum
1057 1547 1093 1608 ab
1113 1563 1143 1607 eo
1160 1546 1196 1603 in·

187 1639 392 1709 terrogaretur,
419 1639 515 1691 utrum
537 1633 591 1692 sibi
612 1636 704 1709 magis
725 1633 813 1693 vellet
832 1633 958 1710 impendi
988 1637 1124 1694 orationes
1148 1633 1194 1692 sire

186 1715 425 1799 eleemosynas²)3
447 1714 605 1797 rospondit:
627 1719 831 1796 Eleemosynae
846 1721 1057 1798 eleemosynam
1079 1722 1196 1780 orationes

187 1808 263 1866 enim
283 1805 397 1881 tepidae
410 1812 486 1865 sunt.
519 1805 576 1866 Hie
598 1805 719 1866 devotae
738 1809 875 1866 iustorum
898 1810 1040 1868 orationes
1062 1805 1195 1868 exoludm·

186 1901 247 1968 tur,
276 1910 350 1968 quae
371 1898 521 1969 penetrant
550 1891 645 1953 coelos
653 1889 683 1972 ³).
732 1892 934 1954 NOVlOIUS:
963 1893 1042 1970 Quid
1066 1895 1147 1954 semis
1169 1889 1196 1950 de

186 1977 300 2038 missis?
349 1971 584 2040 MONACHUS:
612 1979 699 2039 Nulla
731 1983 836 2056 oratio,
864 1981 943 2040 nulla
972 1975 1196 2058 eleemosynarii

186 2069 360 2144 ereptionem
375 2069 547 2126 'animarum
574 2068 678 2126 missae
709 2073 805 2142 potest
841 2069 1008 2143 comparari.
1063 2067 1097 2126 In
1126 2067 1195 2126 missa

186 2153 316 2212 Christus
330 2159 402 2229 orat,
422 2156 502 2212 ouius
516 2170 619 2229 eorpus
634 2159 663 2213 et
683 2157 799 2230 sanguis
820 2154 1019 2231 eleemosynae
1039 2159 1110 2214 sunt.
1146 2151 1199 2210 lies

185 2241 382 2317 eleemosynas
405 2257 515 2316 pauper
543 2240 686 2316 quaedam
714 2243 809 2300 anima
835 2243 890 2301 sibi
916 2240 977 2302 dari
1003 2243 1194 2318 postmortem

185 2330 305 2404 rogavit,
325 2329 400 2388 sieut
419 2343 541 2403 sequens
564 2327 648 2387 docet
670 2328 851 2404 exemplum„

422 2478 424 2482 ’
499 2516 731 2578 carnutum
756 2517 907 2578 xxxin.

254 2642 303 2701 De
323 2647 443 2700 mortuo
465 2643 517 2718 qut
535 2643 640 2716 petivit
660 2645 763 2700 mneos
786 2647 843 2700 tres
863 2643 896 2699 in
918 2640 1022 2700 ordiar
1041 2647 1145 2701 nostro.

248 2761 426 2822 Adolescens
446 2762 562 2837 quidam
574 2731 686 2820 drobilis
711 2760 749 2820 ad
771 2759 990 2821 Claramvallem
1013 2763 1135 2836 veniens,
1158 2773 1194 2816 re·

183 2856 284 2926 'ceptus
306 2852 398 2910 estin
420 2865 598 2908 conversum.
642 2846 699 2923 Qui
720 2866 777 2906 non
799 2848 857 2906 alte
879 2850 1007 2925 sapiens,
1028 2848 1079 2910 sed
1099 2841 1193 2907 humili·

184 2939 240 2997 bus
263 2931 485 3014 consentiens⁴),
512 2935 550 2994 ad
572 2935 716 3011 quandam
737 2937 885 3011 grangiam
906 2938 1025 3012 missus,
1051 2937 1137 2996 meurs
1160 2935 1193 2990 est

184 3025 225 3083 ibi
247 3024 331 3099 opilio
355 3026 460 3082 ovium.
504 3021 560 3098 Qui
582 3039 647 3081 oum
669 3020 714 3080 die
736 3021 861 3104 quadam
883 3038 952 3082 oves
974 3023 1028 3082 sibi
1049 3021 1193 3083 commum

183 3111 213 3168 iu
226 3126 294 3186 agro
308 3117 447 3186 perteret,
468 3111 601 3185 appamit
622 3111 647 3167 ei
670 3108 784 3183 quidam
806 3126 875 3168 suus
897 3108 1082 3169 consobrinus
1102 3107 1192 3180 etipse

183 3197 213 3253 in
246 3195 439 3256 adolescentie
467 3196 568 3255 eodem
592 3203 720 3273 tempore
747 3194 898 3255 defunctus
906 3192 937 3275 ⁶).
986 3195 1034 3256 De
1062 3197 1136 3257 euius
1156 3193 1192 3249 in·

182 3283 300 3356 opinato
322 3283 447 3342 adventu
462 3282 530 3341 dum
542 3281 735 3357 admiraretur,
757 3288 785 3340 et
807 3282 920 3357 diceret,
941 3281 1018 3342 uude
1039 3289 1097 3343 tam
1115 3277 1192 3340 subito

184 3366 318 3441 advenis,
347 3376 375 3427 et
397 3370 465 3444 quid
493 3368 628 3445 quaeris?
657 3368 801 3444 respoudit
828 3368 891 3429 ille:
920 3367 1052 3429 Mortuus
1079 3385 1149 3440 sum,
1171 3367 1192 3420 el

182 3457 284 3533 poenis
303 3457 432 3514 maximis
455 3459 572 3516 crucior.
607 3457 646 3514 Et
667 3472 833 3515 conversus:
855 3455 967 3514 Poteris
987 3457 1080 3516 iuvari
1099 3445 1191 3513 neone?

181 3541 354 3618 Respondit:
382 3541 413 3602 Si
441 3549 541 3618 potero
570 3543 677 3602 habere
706 3548 763 3601 tres
789 3545 891 3602 missas
919 3543 949 3600 in
977 3540 1074 3602 ordine
1101 3545 1192 3606 uestro,

200 3661 231 3729 1)
248 3658 268 3712 0
286 3632 462 3782 fflo'riatur.
482 3689 513 3699 -
533 3659 565 3727 r)
583 3659 672 3710 llomil.
691 3657 709 3710 l.
727 3673 752 3724 p.
773 3657 831 3711 112.
850 3689 881 3698 -
896 3657 928 3726 2)
946 3657 966 3710 B
985 3658 1190 3722 eleemosynis

249 3745 288 3783 ve
319 3731 498 3783 orationes.
518 3758 548 3768 -
568 3729 600 3797 3)
618 3727 693 3780 Eccli.
712 3729 755 3791 35,
772 3727 814 3780 2¹.
834 3758 864 3767 -
884 3729 916 3796 4)
933 3727 1004 3780 liorn.
1024 3728 1065 3793 12,
1082 3720 1189 3788 ld-5)

246 3799 528 3922 Pll’ngtrlpssobrinus
556 3799 587 3850 in
612 3797 843 3876 adolescentia
868 3813 926 3850 sus
953 3800 1024 3867 (sun
1049 3813 1088 3852 om
1104 3791 1189 3866 mde-
