2524 4252
1094 307 1155 366 375

127 401 210 457 LVII.
246 402 286 457 De
304 403 436 458 columbis
454 403 553 476 quibus
571 405 649 460 miles
667 405 805 459 licentiam
823 405 900 460 dedit
916 405 1052 459 avolandi.
1081 445 1087 458 .
1106 405 1158 459 266

127 469 299 596 nggdnne
316 473 439 544 cynoniis
457 476 558 545 ⁴quibus
575 475 653 529 Prior
671 475 854 529 Cisterciensis
871 475 1088 528 benedictionem
1106 543 1157 597 256

128 609 199 665 LIX'.
235 611 314 679 Quod
330 611 494 682 hyrundines
512 628 616 682 semper
633 613 714 667 solita
730 620 851 695 repetant
867 612 1027 667 habitacula.
1082 654 1088 667 .
1106 612 1162 666 257

127 679 185 734 LX.
220 681 261 736 De
279 682 391 751 cyconia
407 690 518 751 propter
534 683 696 737 adulterium
714 698 810 737 occisa.
867 722 1044 736 .....
1054 681 1056 686 ’
1081 682 1157 736 ,258

126 749 198 804 LXI.
233 751 274 804 De
291 752 371 804 anulo
390 749 506 805 conradi
522 752 674 821 Praepositi
690 753 720 805 in
737 767 814 805 esoce
831 759 944 820 reperto.
995 792 1001 806 .
1038 791 1044 804 .
1081 751 1157 806 ,268

126 819 211 878 LXII.
245 820 287 874 De
305 820 380 889 aquis
397 821 427 873 in
445 821 601 892 sanguinem
618 823 703 875 versis
721 828 748 875 et
763 820 885 890 piscibus
904 836 1002 875 earum.
1038 861 1044 874 .
1081 821 1157 874 ,269

128 887 224 943 LXIII.
258 889 300 943 De
317 889 424 943 bubalis
441 891 488 961 qui
506 891 642 945 custodem
660 907 738 944 suum
755 891 950 944 interfecerunt.
994 931 1001 943 .
1038 930 1043 943 .
1081 891 1156 943 ,259

126 958 224 1013 LXIV.
257 959 299 1012 Dc
316 958 381 1032 lupa
398 974 465 1028 quae
483 961 632 1014 scholarem
649 960 782 1013 interiecit
798 961 826 1012 in
845 958 993 1029 Carpenia..
1038 1000 1043 1012 .
1080 959 1157 1013 ,260

125 1027 210 1082 LXV.
242 1027 287 1082 Ile
303 1027 412 1082 homine
431 1031 504 1083 cuius
523 1043 615 1083 omnes
632 1030 734 1084 liberos
751 1030 811 1102 lupi
828 1030 1030 1083 suffocaverunt.
1081 1071 1087 1084 .
1105 1029 1156 1082 260

126 1097 224 1152 LXVI.
259 1097 300 1152 De
325 1098 392 1167 lupo
422 1101 468 1169 qui
495 1100 615 1169 puellam
643 1100 724 1152 traxit
749 1100 779 1152 in
804 1113 910 1163 nemus,
939 1107 969 1152 61
997 1115 1027 1152 oa
1053 1098 1087 1152 de
1215 1158 1221 1164 ,

213 1174 281 1221 tture
295 1167 362 1220 socii
380 1175 490 1222 erueret.
522 1208 529 1222 .
565 1189 586 1221 .·
608 1207 1085 1222 ............
1104 1168 1155 1222 261

123 1235 173 1292 LX
201 1237 233 1290 II.
268 1236 309 1289 De
335 1236 434 1290 buionc
456 1237 503 1309 qui
525 1243 680 1307 persecutus
695 1243 743 1291 'est
765 1235 962 1292 Theodericum
986 1252 1086 1309 cogno-

174 1311 265 1360 mento
284 1304 414 1359 Cancrum
415 1346 1085 1362 .................
1103 1308 1153 1361 261

123 1374 247 1430 LXVIII.
283 1375 349 1429 Item
366 1376 401 1429 de
418 1377 518 1430 bufone
536 1377 583 1447 qui
599 1377 629 1430 in
646 1375 748 1448 phyala
764 1376 854 1430 bibuli
873 1378 1024 1432 sacerdotis
1042 1391 1085 1430 re-
1103 1448 1119 1500 2

121 1449 129 1464 ·
194 1453 265 1499 crtus
284 1453 323 1498 est
325 1484 1084 1501 ...................
1121 1449 1154 1501 63

88 1529 96 1538 ·
186 1514 221 1568 X.
256 1515 296 1567 De
314 1514 415 1568 bulone
438 1515 485 1586 qui
509 1522 628 1584 repertus
651 1521 690 1568 est
713 1529 793 1586 super
815 1515 898 1568 altare
921 1516 1086 1570 ludaeorum

175 1599 236 1638 cum
254 1583 419 1638 celebrarent
437 1585 608 1656 cenophagia.
651 1623 1084 1640 ...........
1102 1587 1154 1639 263

122 1651 207 1706 LXX.
242 1653 283 1707 De
301 1660 422 1723 serpente
440 1655 488 1724 qui
505 1656 603 1708 vulnus
621 1655 745 1708 satellitIs
763 1653 835 1706 suxit
853 1661 879 1706 et
896 1654 1008 1708 sanavit.
1036 1696 1042 1708 .
1078 1657 1154 1709 ,264

121 1720 220 1776 LXXI.
255 1721 296 1776 De
325 1729 446 1776 matrona
472 1722 643 1777 Flandriensi
671 1739 740 1795 quae
767 1729 918 1792 serpentem
943 1723 973 1777 in
997 1724 1085 1778 orbita

175 1791 254 1858 bibit,
273 1800 300 1845 61
315 1792 345 1844 in
382 1800 440 1845 artu
458 1793 573 1847 eundern
590 1794 691 1848 effirdit.
735 1832 1084 1848 .........
1101 1793 1153 1847 264

122 1859 234 1914 LXXII.
269 1862 337 1916 Item
355 1807 388 1914 116
406 1862 517 1915 muliere
531 1864 574 1917 cui
593 1863 736 1916 dormienti
755 1876 864 1931 serpens
879 1877 968 1931 perus
980 1863 1084 1933 ingres·

174 1946 218 1984 sus
236 1939 283 1998 cst,
302 1939 328 1984 et
345 1945 394 2000 per
411 1939 516 2000 partum
530 1947 648 2004 egressus
650 1968 1083 1986 ...........
1102 1932 1153 1986 265

258 2056 455 2106 manducato
474 2057 678 2107 undecima
696 2058 745 2108 de
760 2057 1024 2107 -morlenthm,

121 2138 142 2193 l.
178 2138 249 2206 Quid
268 2140 303 2193 sit
320 2155 405 2205 mors,
430 2148 456 2195 et
472 2142 544 2194 unde
562 2140 678 2212 dicatur3
706 2147 732 2194 et
754 2140 787 2193 de
811 2147 926 2210 quatuor
940 2139 1084 2210 generibus

173 2209 345 2262 morientium
346 2248 1095 2264 ...................
1100 2208 1151 2261 266

121 2276 155 2330 II.
190 2278 231 2331 De
248 2286 333 2331 morte
350 2277 473 2347 Meyneri
491 2279 635 2332 sacerdotis
653 2280 689 2333 de
705 2277 826 2332 Claustra
829 2318 1081 2333 .......
1099 2278 1151 2332 268
1232 2331 1235 2336 ,

121 2345 168 2400 III.
202 2347 243 2401 Dc
261 2348 348 2402 Morte
366 2347 517 2401 Ysenbardi
536 2349 659 2402 sacristae
677 2349 800 2402 eiusdem
816 2348 949 2402 coenobii
990 2389 997 2401 .
1033 2389 1039 2400 .
1077 2348 1152 2402 ,269

120 2415 168 2470 IV.
202 2417 244 2470 De
261 2424 347 2471 morte
366 2416 393 2470 si
413 2417 451 2469 eri
467 2417 600 2470 monachi.
650 2457 1083 2471 ...........
1102 2417 1152 2470 272

120 2485 154 2538 V.
189 2486 230 2539 De
247 2494 333 2540 morte
351 2433 529 2540 edefiescentis
546 2487 609 2540 laici
637 2503 697 2540 eum
712 2502 765 2556 quo
782 2487 872 2557 angeli
890 2501 951 2540 oum
967 2501 1085 2541 morere-

173 2556 260 2609 turio
280 2555 412 2609 nebantur
413 2595 1083 2612 ................
1102 2557 1153 2609 273

119 2623 167 2676 VI.
202 2624 244 2708 Da
261 2571 362 2679 3116116
381 2639 509 2680 converso
528 2625 574 2697 qui
599 2625 716 2679 moriens
740 2627 882 2678 coelestem
900 2625 1005 2678 audivit
1021 2624 1084 2679 hur-
1101 2695 1152 2747 m

171 2709 297 2748 monram.
349 2734 1082 2748 ..................

119 2762 179 2816 VII.
214 2764 255 2818 De
274 2778 403 2818 converso
413 2779 491 2818 caeco
501 2763 547 2834 qni
566 2763 672 2816 audivit
688 2765 797 2836 angelos
814 2761 902 2816 officia
911 2763 1084 2834 exequiarum

119 2835 698 2957 6121116666116666
725 2873 800 2955 aa.
818 2872 935 2954 nn..
946 2834 1151 2970 ·1.·.p·.e·.⁹‘⁵

170 2973 247 3042 pueri
265 2971 382 3042 speciosi
400 2979 545 3027 conventus
564 2972 765 3026 candidatorum
783 2971 953 3024 deserebat..
989 3011 995 3023 .
1033 3013 1039 3025 .
1076 2972 1152 3036 ,276

118 3039 167 3095 IX.
202 3041 243 3094 De
261 3055 390 3096 converso
408 3051 512 3096 mortuo
538 3042 608 3095 citra
626 3042 701 3095 cuius
720 3057 816 3110 corpus
839 3039 919 3094 irater
936 3039 1082 3094 Warnerus

155 3111 278 3164 candelas
297 3119 366 3164 stare
384 3112 461 3165 vidit.
517 3149 1080 3166 ..............
1098 3110 1150 3163 276

118 3178 154 3232 Χ.
189 3180 230 3233 De
247 3189 332 3234 morte
350 3177 467 3235 Hernici
483 3179 593 3234 Prioris.
647 3219 1080 3234 ...........
1099 3181 1149 3232 277

118 3247 166 3303 XI.
201 3250 242 3306 Dc
259 3257 346 3304 morte
362 3249 486 3322 Mengozi
510 3249 632 3304 conversi
650 3251 697 3320 qui
714 3250 748 3303 ad
765 3250 922 3303 mandatum
940 3247 1082 3303 Gisilberti

171 3319 287 3374 AbbatIs
305 3318 438 3374 revixit..
474 3361 481 3374 .
517 3341 545 3372 .·
560 3357 1079 3373 .............
1098 3312 1149 3371 278

118 3387 180 3442 XII.
215 3389 282 3443 Item
301 3389 335 3444 de
361 3397 445 3442 morte
469 3388 596 3443 Gozberti
619 3389 740 3443 conuersi
764 3389 813 3459 qui
835 3386 999 3442 reviviscens
1024 3389 1082 3441 visa
1098 3456 1114 3508 9
1133 3395 1158 3508 9·

170 3458 300 3512 recitavit.
345 3496 1079 3512 ..................
1116 3459 1131 3508 7

118 3526 192 3580 XIII.
228 3528 268 3582 De
286 3527 362 3580 tinali
379 3528 538 3582 contritione
556 3525 702 3581 sacerdotis
720 3529 879 3598 quandoque
897 3527 967 3600 nIgri
988 3541 1081 3580 mona·

171 3596 215 3650 chi
233 3597 382 3652 existentis.
432 3633 1081 3654 ................
1099 3594 1149 3648 281

117 3665 191 3719 XIV.
226 3665 267 3788 l‘lle
291 3665 445 3736 Rudingero
469 3665 600 3721 monacho
626 3666 668 3718 cui
686 3667 780 3720 beatus
798 3666 888 3719 David
906 3665 986 3718 finem
1005 3679 1082 3716 suum
1100 3732 1150 3786 ‘³82

189 3751 232 3789 rae
253 3736 304 3788 ixit
307 3771 1113 3790 ....................

117 3750 187 3860 XV}J
212 3805 253 3859 Dc
271 3812 357 3858 morte
375 3803 493 3875 Gernngi
511 3821 591 3876 quem
608 3803 732 3859 homiues
752 3805 822 3876 nigri
841 3811 868 3857 et
885 3804 1003 3856 vultures
1021 3817 1081 3855 mo·

168 3875 280 3928 rientem
299 3873 478 3928 observabant
481 3912 1079 3932 ...............
1098 3870 1149 3924 263
