2506 4254
177 220 238 278 242
489 211 715 277 DISTINO'I'IO
739 215 896 278 DECIMA

175 344 296 414 peccata
317 338 412 398 omnia
431 336 513 398 Deus
540 338 575 400 dc
596 356 684 398 manu
703 343 801 400 vestra
821 340 953 416 requirat
1002 338 1042 400 Et
1061 339 1115 401 hoc
1133 341 1194 400 sciat

175 423 308 495 nobilitas
329 429 439 500 vestra,
471 425 549 501 quod
575 443 642 486 meo
668 428 783 486 servitio
812 427 958 503 carebitis,
990 428 1015 486 si
1042 426 1194 487 monuerit

175 518 281 572 amota.
322 510 394 570 Mox
414 510 463 571 illa
484 519 610 588 vocatur,
631 513 721 572 verba
742 515 768 572 ei
789 512 946 574 sacerdotis
965 515 1139 590 intimantur3
1162 512 1193 572 ad

174 616 250 674 quae
277 600 318 657 sic
339 599 500 674 respondit:
523 600 646 658 Domine
668 616 703 657 ex
731 599 839 659 invidia
865 599 990 676 loquitur
1011 599 1091 660 haec.
1131 599 1193 676 Quia

175 685 317 761 voluptati
327 682 345 766 ¹)
367 688 426 744 eius
448 689 606 746 consentire
626 685 714 760 nolui,
735 685 840 747 idcireo
862 703 909 746 me
926 689 1112 763 persequitur.
1148 685 1191 746 Illo

174 771 373 850 respondente,
394 775 527 848 mentiris,
549 775 676 832 sirenim
700 780 795 832 castus
818 773 945 848 est3-illa
967 789 1035 834 mox
1051 775 1190 834 subiunxit:

174 857 237 936 Ego
261 859 378 921 celerius
398 859 501 920 faciam
530 877 582 921 vos
602 861 723 936 experiri
745 861 901 920 veritatem.
943 859 1048 920 Statim
1069 859 1191 920 accedeus

174 945 213 1005 ad
235 947 376 1019 clericum,
397 947 451 1004 sub
473 946 565 1005 forma
585 949 771 1022 poenitentis,
793 945 916 1006 lacrimis
936 947 1065 1022 perfusa,
1085 953 1145 1023 post
1161 945 1190 1004 li·

174 1041 251 1093 ctam
279 1033 486 1116 contessionem
506 1032 624 1092 adiecit:
653 1033 776 1092 Domine
798 1039 858 1093 tam
879 1032 1064 1093 vehementer
1085 1032 1118 1094 de
1135 1050 1190 1108 per·

174 1137 246 1180 sona
262 1126 358 1179 vestra
371 1125 481 1179 tentata
502 1137 574 1194 sum,
595 1122 649 1178 nisi
670 1119 739 1178 mihi
753 1119 955 1180 consentiendo
976 1123 1072 1197 ignem
1092 1120 1189 1180 anobis

173 1223 345 1267 succensum
367 1208 545 1282 extinguetis,
566 1208 663 1266 vivere
684 1224 741 1266 non
763 1213 871 1282 potero.
913 1205 963 1266 Ad
983 1206 1061 1282 quod
1087 1207 1188 1267 verbum

175 1311 241 1352 cunr
269 1310 300 1351 se
321 1296 365 1352 vir
385 1295 476 1352 iustus
497 1295 652 1369 signasset,
685 1309 805 1368 eamque
826 1293 875 1352 illa
895 1292 967 1353 hora
987 1294 1083 1352 verbis
1103 1295 1189 1368 quibua

173 1386 286 1454 poterat
298 1381 490 1439 submovisset
496 1377 526 1459 ²),
540 1381 670 1454 sequenti
684 1379 729 1439 die
743 1381 845 1438 iterum
859 1382 945 1454 venit,
959 1381 1050 1439 verba
1061 1383 1116 1439 iam
1127 1380 1189 1438 dicta

173 1469 317 1543 repetivit,
348 1466 403 1528 hoc
425 1468 510 1526 etiam
532 1467 681 1526 adiiciens:
710 1465 741 1526 Si
762 1483 820 1526 non
840 1467 961 1526 feceritis
981 1466 1061 1542 quod
1079 1465 1187 1542 postulo,

174 1570 242 1614 ecce
262 1571 309 1612 me
329 1557 422 1630 ipsam
442 1549 618 1632 interlicio³).
656 1552 721 1629 Quo
743 1553 849 1628 audito,
871 1552 1100 1629 cumplurimum
1119 1555 1188 1612 time·

173 1648 232 1715 ret,
259 1658 313 1700 nec
341 1647 438 1700 tamen
466 1640 561 1716 aliquo
591 1638 677 1699 modo
705 1639 813 1699 libidini
841 1643 999 1701 consentire
1020 1645 1187 1716 proponeret,

173 1728 332 1804 respondit:
354 1727 430 1786 Ecce
453 1726 502 1785 tali
524 1726 583 1801 die,
606 1719 656 1784 t'ali
675 1728 706 1785 in
726 1726 806 1802 loco,
830 1728 855 1786 si
876 1727 999 1788 volueris
1022 1733 1114 1787 tecum
1133 1726 1187 1786 dor·

173 1819 273 1888 mium,
302 1813 455 1873 dummodo
482 1821 510 1874 te
539 1830 597 1873 non
625 1813 805 1873 interfeceris·
847 1813 895 1874 Sic
916 1813 965 1874 illa
985 1809 1089 1894 laeto⁴)
1110 1815 1187 1873 animo

173 1903 332 1976 recedente,
353 1901 499 1962 dominum
520 1917 604 1959 suum
625 1917 693 1960 mox
714 1901 792 1974 adiit,
813 1905 842 1960 et
862 1902 929 1976 quia
951 1900 1112 1976 capellanus
1133 1915 1189 1959 suus

173 1991 228 2049 sibi
248 1989 317 2047 talia
338 2007 372 2048 ac
393 1987 462 2046 talia
482 1977 665 2063 promisisset,
685 1988 781 2048 verbis
793 1987 963 2062 procacibus
983 1988 1123 2048 indicavit
1148 1986 1188 2044 ln·

172 2079 256 2137 terim
277 2075 394 2136 clericus
415 2073 539 2134 scholari
559 2091 611 2134 suo
633 2075 786 2150 praecepit,
807 2081 839 2133 ut
859 2075 888 2132 in
910 2073 1058 2151 designato
1079 2074 1137 2134 loco
1154 2072 1188 2130 le·

174 2170 252 2224 ctum
280 2180 315 2222 ex
342 2162 426 2238 lignis
446 2160 539 2236 planis
561 2168 760 2237 componeret,
789 2161 867 2237 ligna
887 2160 967 2220 arida
988 2178 1055 2222 eum
1075 2161 1188 2222 stramine

173 2252 333 2323 subiiceret,
353 2248 454 2308 deinde
473 2248 646 2308 lintheamen
667 2246 800 2310 decenter
820 2247 1079 2323 superextenderet.
1119 2243 1188 2323 Quod
1239 2279 1240 2334 p

174 2345 203 2406 et
219 2338 325 2406 sactum
338 2343 389 2396 est.
418 2335 473 2394 Die
492 2352 559 2394 vero
573 2340 680 2395 statuto
695 2337 773 2394 venit
794 2333 922 2409 clericus,
942 2337 1022 2394 venit
1042 2333 1187 2402 et·mulier;
1239 2335 1240 2413 l

173 2423 225 2492 sed
247 2422 366 2484 clericus
388 2421 492 2499 stipula
512 2424 590 2497 prius
611 2438 757 2492 succensa,
778 2420 884 2480 lectum
905 2422 1049 2497 ascendit;
1076 2419 1147 2480 illam
1164 2423 1188 2476 nt

173 2510 257 2570 simul
278 2509 444 2569 ascenderet
465 2510 588 2568 vocavit.
631 2507 713 2583 Quae
735 2507 864 2568 flammas
886 2525 921 2566 ex
943 2510 1021 2567 omni
1040 2516 1118 2585 parte
1137 2523 1187 2565 cer·
1238 2545 1239 2560 r

172 2616 243 2658 nens
263 2614 428 2674 exsurgere,
458 2595 836 2670 nenecessitpcrebriusque
858 2602 977 2670 vocata,
998 2594 1036 2653 ad
1057 2603 1113 2654 tam
1132 2592 1187 2651 hor·

172 2685 276 2746 rendos
285 2681 304 2763 ⁵)
327 2683 476 2759 amplexus
504 2683 600 2742 venire
621 2684 771 2741 recusavit.
815 2679 940 2742 Clericus
962 2699 1030 2742 vero
1046 2682 1101 2742 Dei
1120 2679 1187 2740 adiu·

172 2783 218 2833 tus
239 2773 345 2849 gratia,
367 2789 424 2830 non
446 2769 527 2828 aliter
547 2771 635 2828 sensit
655 2767 735 2827 illum
755 2768 864 2844 ignem,
891 2785 978 2844 quam
999 2777 1114 2830 ventum
1132 2765 1187 2824 roris

173 2861 296 2934 flantem,
317 2875 371 2917 nec
393 2863 436 2917 est
450 2855 568 2915 adustus
590 2854 708 2931 capillus
729 2857 789 2915 eius
797 2851 827 2936 ⁶),
849 2871 942 2930 neque
955 2858 1121 2916 vestimenta
1139 2854 1186 2912 eius

172 2949 216 3012 in,
229 2946 325 3021 aliquo
354 2950 421 3004 sunt
441 2943 527 3003 laesa
571 2939 657 3018 Quod
678 2947 710 3001 ut
731 2943 835 3001 misera
854 2941 903 3000 illa
924 2941 1008 3018 vidit,
1038 2944 1140 3012 territa,
1164 2947 1185 2996 et

173 3033 211 3094 ad
238 3025 337 3092 horam
368 3031 403 3091 de
429 3037 489 3089 tam
518 3029 617 3106 grandi
638 3030 773 3089 miraculo
797 3035 981 3105 compuncta,
1009 3035 1069 3092 tam
1089 3027 1185 3088 domno
1236 3099 1237 3108 ἵ

172 3135 225 3178 suo
248 3136 334 3194 quam
356 3119 458 3178 ceteris
477 3115 591 3192 publice
613 3116 744 3176 consessa
764 3123 822 3191 est,
847 3115 924 3191 quod
945 3121 1076 3176 sanctum
1095 3116 1185 3178 virum
1236 3111 1237 3140 '

173 3209 234 3272 sine
261 3223 349 3265 eausa
376 3222 411 3264 ex
432 3205 494 3264 solo
514 3220 633 3264 rancore
656 3210 684 3262 et
703 3203 809 3263 invidia
830 3203 867 3262 ob
890 3202 1045 3262 vindictam
1065 3199 1185 3279 praende-

174 3309 224 3358 sae
245 3293 432 3354 accusationis
452 3291 625 3351 infamasset.
657 3291 723 3365 Ipse
744 3306 813 3352 vero
835 3291 878 3348 vir
890 3289 1060 3350 venerabilis
1079 3305 1131 3348 non
1148 3287 1185 3344 in·

173 3385 270 3452 gratus
292 3377 364 3453 Deo,
386 3379 423 3437 ad
444 3379 571 3438 ordinem
592 3395 624 3438 se
647 3376 790 3438 transtulit
810 3375 1049 3436 Praedicatorum.
1232 3385 1236 3652 J

178 3655 222 3722 1)
240 3655 260 3707 C
278 3653 449 3708 voluntati.
475 3683 503 3692 -
530 3654 561 3721 2)
580 3653 621 3706 Bl)
645 3650 895 3706 submonuisset.
921 3681 949 3690 -
971 3651 1002 3720 3)
1026 3650 1047 3704 C
1069 3645 1184 3724 interli-

179 3786 183 3798 .
239 3726 329 3776 siam.
351 3754 379 3762 -
400 3724 432 3791 4]
450 3721 515 3774 ΑΒΕ
533 3723 636 3784 laeta;
659 3721 755 3776 moxP
777 3721 941 3774 recedens.
963 3750 991 3759 —
1012 3721 1044 3790 5)
1062 3719 1081 3772 C
1098 3718 1183 3770 norru-

241 3794 306 3845 dos.
328 3802 363 3833 —‘
377 3794 408 3861 6]
427 3793 497 3872 Dani.
516 3793 601 3871 3,50.
620 3793 661 3844 94.
