2506 4254
155 223 217 286 202
339 235 340 242 ’
499 221 726 286 ΒῘΒΤΙΝΟΤΙΟ
746 223 857 286 NONA
972 231 976 235 '

150 345 328 424 corporalem
350 348 443 424 coepit
462 347 598 408 fastidire.
641 346 727 425 Quod
749 348 799 407 uhl
821 348 924 422 sensit,
949 363 986 407 ex
1005 346 1177 424 permissione
1231 370 1241 414 ι

150 437 196 494 sui
223 433 377 494 sacerdotis
406 435 523 512 singulis
556 434 656 495 diebus
677 435 836 494 Dominicis
865 437 1094 495 communicavit
1133 432 1177 492 (lui
1231 439 1241 487 ι

151 521 232 582 cibus
259 519 306 580 ille
333 521 428 581 ritaHs
453 528 563 581 tantam
591 521 712 582 contulit
735 521 942 596 fortitudinem,
970 529 1004 581 ut
1023 524 1084 582 sine
1111 521 1178 580 omni
1233 504 1241 588 1

152 611 244 668 morie
266 608 403 686 corporali
418 611 577 683 proximam
593 614 771 684 exspectaret
784 607 975 668 Dominicam.
1016 607 1082 669 Hoc
1098 606 1176 666 multo

151 702 280 776 tempere
312 698 448 771 actitam,
479 699 601 773 gratiam
628 696 681 755 sibi
711 694 845 755 collatam
872 695 1020 772 praedicto
1048 693 1177 756 sacerdoti
1236 706 1241 766 ὁ

153 783 283 844 consessa
304 790 355 843 est.
375 781 428 842 ille
448 799 517 843 vero
540 799 606 842 curn
633 781 777 858 Episcopo
794 781 850 842 loci
870 797 936 842 rem·
952 789 1012 842 tam
1032 780 1177 842 mirabilem
1240 792 1241 830 l

153 873 314 946 recitasset,
342 873 445 929 timens
465 870 625 945 Episcopus
653 869 761 945 aliquid
788 868 918 929 fallaciae
946 887 1010 930 esse
1031 872 1061 928 in
1086 885 1175 942 cauas,
1240 881 1241 914 ι

154 959 229 1016 sicut
256 960 299 1015 vir
327 959 441 1032 sapiens
461 957 621 1032 respondit:
655 956 728 1015 (lum
750 956 842 1017 denno
865 960 974 1017 venedt
995 955 1033 1016 ad
1053 963 1097 1031 te,
1121 954 1177 1014 loeo
1236 973 1241 1006 ι

153 1043 298 1104 Dominici
326 1046 452 1119 corporis
479 1043 603 1102 hostiam
631 1045 657 1102 ei
683 1047 813 1120 porrigas
838 1060 895 1103 non
916 1043 1110 1117 benedictam,
1135 1058 1177 1118 per
1237 1045 1241 1062 '¹

156 1148 243 1206 quam
265 1132 347 1190 eitius
367 1133 408 1188 rei
429 1129 681 1206 huius'cxperieris
695 1133 852 1190 veritatem.
885 1129 971 1208 Quod
993 1149 1059 1190 cum
1077 1130 1177 1189 tectus

155 1216 304 1290 sacerdos,
323 1217 427 1276 femina
448 1223 587 1276 tentatam
608 1235 639 1276 se
659 1219 801 1298 ignorans,
821 1235 890 1276 mox
910 1224 944 1276 ιιι
964 1217 1081 1278 domum
1097 1215 1177 1290 rediit,
1237 1251 1238 1256 κ

160 1311 220 1362 tam
247 1303 434 1363 vehementer
464 1306 570 1364 esurire
605 1307 714 1380 coepit,
746 1310 780 1362 ιιι
810 1307 976 1364 morituram
1004 1322 1036 1364 se
1065 1301 1177 1364 crederet

157 1393 181 1450 sl
208 1407 280 1455 nou
295 1393 374 1458 ocius
386 1388 403 1469 ¹)
431 1391 626 1450 manducaret
670 1391 793 1450 Gemens
816 1398 915 1450 mmen
936 1392 1015 1467 prius
1036 1391 1074 1452 ad
1092 1405 1176 1450 sacer·
1235 1404 1239 1417 ·

157 1476 262 1552 dotem,
285 1484 314 1537 et
327 1477 448 1537 eandem
461 1479 566 1537 famem
582 1477 707 1554 peccatis
729 1479 788 1537 suis
802 1480 954 1553 imputans,
976 1478 1095 1553 pedibus
1113 1476 1176 1534 illius
1238 1493 1241 1530 ι

156 1581 188 1624 se
216 1567 383 1640 prostravit,
412 1571 442 1624 et
468 1568 588 1641 gratiam
617 1565 751 1623 divinitus
780 1565 913 1624 collatam
941 1567 996 1624 sihi
1017 1566 1176 1624 subtractam

155 1649 367 1712 lacrimabiliter
387 1653 527 1728 exposuit.
561 1650 655 1728 -Quod
683 1652 733 1710 ubi
753 1651 801 1710 ille
822 1651 946 1726 audivit,
967 1655 1083 1728 gavisus
1104 1647 1177 1710 valde

156 1741 263 1816 gratias
291 1741 350 1816 egit
369 1739 451 1815 Dec,
480 1741 529 1814 qui
554 1739 623 1798 lacit
642 1738 781 1798 mirabilia
801 1755 907 1815 magna
927 1739 1015 1798 aolus.
1056 1738 1094 1798 Et
1112 1734 1177 1796 dedit

157 1827 185 1885 ci
215 1843 315 1886 verum
338 1825 442 1886 Christi
470 1843 580 1900 corpus.
624 1825 711 1884 Cuius
738 1825 842 1884 virtute
870 1842 938 1884 mox
965 1827 1058 1887 omnis
1085 1825 1176 1885 arna

159 1915 252 1986 cessit,
266 1905 295 1972 et
307 1915 398 1989 gratie
413 1913 559 1971 subtracta
569 1914 698 1972 accessit.
718 1913 877 1988 Episcopus
887 1929 956 1972 vero
968 1909 1064 1992 haee²)
1074 1911 1176 1972 audens

159 2016 178 2058 a
205 1999 368 2075 sacerdote,
396 2005 425 2058 et
451 2001 513 2075 lpse
540 1999 636 2058 Deum
664 1999 841 2076 glorificavit
889 1997 1089 2061 NOVIGIUS:
1114 1999 1176 2058 ch

158 2087 260 2146 recitas
280 2085 365 2146 valde
379 2085 587 2146 miraculosam.
620 2085 855 2146 MONACHUS:
876 2085 909 2146 Si
928 2085 1029 2146 Helias
1049 2084 1176 2162 Propheta

158 2173 189 2232 in
216 2173 379 2233 fortitudine
405 2175 486 2248 panis
514 2173 667 2232 hordeacei
694 2173 853 2232 ambulavit
880 2173 1067 2250 quadraginta
1092 2171 1176 2233 diebus

159 2265 189 2320 et
210 2259 399 2336 quadraginta
418 2261 550 2320 noctibus
571 2260 721 2335 usquead
742 2266 869 2320 montem
890 2261 947 2319 Dei
968 2256 1094 2340 Oneb³),
1121 2253 1177 2334 quid

159 2347 270 2406 miraris
283 2365 306 2406 ιι
299 2348 425 2406 'lemine
435 2347 508 2406 haec
518 2345 668 2406 incolumis
681 2350 773 2422 potuit
787 2349 885 2407 vivere
900 2354 984 2424 pasta
1004 2365 1079 2424 pane
1094 2337 1176 2405 viaet

160 2431 311 2508 Multiplax
335 2451 369 2492 ex
397 2433 445 2492 illo
478 2432 612 2495 fortitudo
635 2440 693 2508 est,
720 2450 778 2493 non
805 2433 900 2494 solum
928 2437 1059 2520 animae,
1087 2431 1133 2494 sed
1155 2433 1177 2488 et

161 2522 296 2596 corporis
338 2518 426 2578 Aliud
439 2520 529 2580 habes
543 2534 641 2596 supra
644 2520 804 2596 exemplum
818 2521 853 2580 de
874 2508 983 2598 virgine
1005 2521 1041 2581 dc
1062 2517 1147 2598 Quid
1132 2509 1178 2595 ι’),

161 2623 235 2682 qnae
253 2612 334 2683 praet
335 2623 366 2666 er
322 2607 486 2666 tChrieti
507 2624 610 2684 corpus
630 2607 700 2666 nihil
743 2607 880 2683 comedit,
896 2614 1017 2684 excepta
1037 2624 1093 2668 uva
1106 2620 1177 2682 quau

161 2695 292 2772 sugebat.
334 2693 569 2755 indistinctione
598 2697 719 2770 septima
748 2695 872 2771 capitulo
900 2697 1036 2756 vicesimo
1064 2694 1116 2754 hoc
1139 2705 1177 2750 re·

161 2783 262 2857 peries.
304 2779 382 2840 Audi
394 2777 414 2862 ⁵)
436 2799 512 2843 nunc
532 2797 593 2841 rem
613 2777 716 2863 satis‘)
736 2776 898 2860 gloriosam.

483 2971 715 3034 CAPITULUM
733 2971 874 3034 XLVIH.

233 3095 282 3153 Dc
301 3095 392 3154 milite
411 3064 466 3171 'qut
484 3099 721 3172 cirtutccocrdc
742 3099 957 3156 eornmuna'onr'e
976 3100 1009 3158 a'rc
1028 3097 1120 3157 duello

580 3183 780 3258 triumphavit.

203 3299 373 3362 Lodewicus
396 3301 500 3363 Comes
519 3299 681 3384 Losensis')
702 3308 785 3378 pater
804 3299 889 3364 huius
910 3307 960 3380 qni
980 3305 1074 3366 adhuc
1093 3287 1179 3378 super·

162 3396 214 3464 est,
245 3390 331 3448 etiam
352 3387 541 3471 demetiam)
562 3391 680 3450 tenebat
708 3390 743 3450 de
764 3387 963 3470 Renheeke⁹t
1004 3393 1058 3453 cm
1080 3393 1179 3469 propter

180 3521 422 3592 1)Bcitius.-
436 3521 661 3588 2.-)hnh0c
676 3522 782 3590 3Jlte.
800 3523 840 3588 lll
859 3523 988 3588 198
1003 3518 1177 3592 ononida

229 3623 261 3634 ·-
280 3591 312 3660 5)
329 3590 352 3644 Β
371 3589 427 3642 scd
450 3591 584 3642 audi.-
554 3594 636 3659 -6)
653 3591 698 3645 ΒΟ
719 3540 905 3646 valde-7
889 3593 1005 3662 'ljapnd
1023 3595 1120 3647 blutirun
1139 3604 1178 3641 no·

228 3661 338 3715 minatur
354 3659 503 3712 lodewicus
525 3659 566 3711 hic
584 3655 675 3713 Comes
698 3661 870 3730 hohensls,
892 3671 959 3716 teste
977 3663 1078 3718 Gelasio
1095 3656 1124 3714 ad
1137 3659 1177 3710 Vt.

202 3731 503 3856 guffsppp'pffi-
472 3729 869 3798 -8)GPComitiam.-
893 3731 965 3803 9)Β
992 3729 1178 3801 llcnlhechc,

294 3809 326 3853 ct
356 3817 391 3853 ec
421 3813 436 3851 c
