2512 4254
315 303 369 364 DE
390 302 574 365 DIVERSIS
594 301 828 365 VISIONIBUS.¹
1043 303 1083 362 99

383 494 615 556 CAPITULUM
637 491 763 575 XXI.'‘)

68 616 108 676 lle
124 617 210 678 mdite
236 620 286 677 ceci
313 635 389 678 eruc
415 618 583 691 inclinavit,
608 621 681 694 quio
701 619 819 677 mimico
840 632 896 676 auo
916 621 1086 692 pepercerat

273 697 276 714 ’
386 725 390 734 ’
423 704 558 764 chillino
580 721 719 764 amorem

121 822 305 902 Temporibus
319 827 422 886 nostris
438 824 468 886 in
489 827 637 902 provincia
657 831 763 900 nostra,
784 827 858 886 sicut
879 821 984 898 andivi,
1004 821 1086 882 miles

68 909 172 986 qudam
204 912 321 973 alterius
358 911 505 972 cuiusdam
540 912 635 972 militis
669 919 780 989 patrem
808 911 960 971 occiderat
1000 908 1091 968 'Casu

67 997 202 1058 acciditut
215 1001 301 1059 occisi
313 999 388 1058 filius
404 1001 560 1060 occisorem
581 1005 704 1075 caperet
747 999 841 1075 Quem
863 1017 928 1058 cum
950 999 979 1055 in
999 995 1088 1055 ultio·

67 1099 124 1142 nem
146 1088 233 1162 patris
255 1092 383 1170 extracto
404 1085 500 1164 gladio
523 1085 663 1146 trucidare
684 1085 785 1160 vellet,
813 1085 860 1144 ille
882 1084 1003 1162 pedibus
1026 1084 1087 1142 eius

66 1177 211 1244 prostratus
239 1174 292 1232 ait:
321 1173 405 1250 Rogo
430 1186 487 1234 ros
516 1172 628 1232 domine
656 1190 708 1249 per
735 1172 872 1231 honorem
894 1171 1088 1232 sanctissimae

68 1260 148 1316 crucis
177 1261 207 1318 in
239 1276 297 1335 qua
322 1258 404 1319 Deus
431 1258 560 1336 pendens
588 1262 719 1320 misertus
747 1264 791 1318 est
816 1258 939 1333 mundo,
970 1264 1004 1316 ut
1031 1260 1088 1316 mei
1164 1261 1166 1270 '

68 1344 251 1404 misereamini
293 1345 405 1422 Quibus
431 1348 526 1406 verbis
546 1345 595 1406 ille
623 1353 827 1422 compunctus,
856 1363 922 1405 cum
949 1351 1039 1404 staret
1059 1352 1089 1404 et

69 1429 127 1505 quid
145 1432 236 1492 iacere
257 1431 344 1492 vellet
365 1432 547 1508 deliberaret,
567 1433 760 1493 invalescente
781 1430 974 1512 misericordia
993 1432 1089 1492 homi·

68 1532 125 1576 rem
143 1518 249 1578 levavit
270 1526 300 1580 et
320 1521 374 1579 ait:
394 1519 472 1580 Ecce
492 1526 609 1597 propter
629 1520 768 1595 honorem
789 1527 905 1580 sanctae
928 1520 1034 1593 crucis,
1055 1525 1088 1579 ut

69 1603 127 1662 mihi
150 1607 195 1682 qui
210 1608 240 1665 in
262 1622 297 1666 ca
317 1624 420 1682 passus
442 1613 493 1682 est,
514 1614 633 1683 peccata
654 1624 721 1666 mea
739 1605 895 1683 indulgeat,
915 1622 974 1665 non
995 1605 1088 1664 solum

70 1689 112 1749 tihi
124 1691 235 1770 culpam
248 1695 370 1768 remitto,
391 1692 442 1754 sed
464 1700 492 1753 et
513 1696 623 1753 amicus
645 1711 702 1753 ero.
744 1692 889 1768 Deditque
910 1694 937 1752 'ei
959 1692 1089 1752 osculum

69 1779 146 1850 pacis.
185 1779 249 1839 Non
263 1779 353 1840 multo
372 1787 438 1856 post
450 1780 526 1840 idem
539 1781 620 1840 miles
639 1795 723 1840 cruce
744 1781 872 1857 signatus
894 1796 973 1840 mare
993 1785 1089 1839 hens-

70 1863 135 1938 iens,
164 1883 228 1926 cnm
250 1867 400 1926 ecclesiam
421 1867 565 1926 Dominici
592 1865 734 1943 sepulchri
762 1867 824 1926 aliis
845 1868 1001 1943 peregrinis
1022 1868 1089 1926 viris

70 1946 183 2012 honestis
209 1952 245 2013 de
270 1971 323 2013 sua
343 1955 490 2030 provincia
512 1957 680 2014 commixhrs
700 1956 833 2028 intraret,
861 1957 977 2013 etanta
998 1953 1089 2014 altare

71 2041 215 2110 proximum
227 2042 367 2114 transiret,
380 2042 474 2118 imago
490 2041 633 2101 Dominioi
655 2043 780 2118 corporis
799 2039 839 2099 illi
859 2039 998 2117 profunde
1020 2043 1090 2118 satis

71 2121 202 2185 inclinavit
229 2127 264 2188 de
294 2144 386 2188 cruce.
428 2127 494 2188 Hoc
524 2146 590 2189 cum
618 2128 706 2204 aliqui
729 2145 765 2188 ex
787 2130 827 2187 eis
850 2126 1089 2202 considerassent,

71 2225 115 2270 nec
134 2217 226 2274 tamm
247 2215 352 2274 scirent
373 2216 418 2274 cui
439 2221 550 2274 tantum
571 2214 710 2276 honorem
729 2213 913 2291 exlnhnisset,
936 2231 971 2274 ex
993 2217 1089 2274 consi·

70 2293 102 2356 lio
120 2300 277 2376 singillatim
289 2297 305 2381 ¹)
327 2303 434 2361 reversi
454 2308 529 2377 sunt,
549 2319 603 2362 nec
624 2308 722 2361 tamen
742 2302 827 2362 alicui
848 2319 947 2361 eornm
967 2301 1089 2361 inclina-

72 2387 123 2443 tum
149 2393 190 2446 est
215 2389 270 2447 nisi
295 2390 341 2447 cui
361 2390 448 2464 prius.
492 2387 573 2449 Tunc
595 2407 712 2449 causam
733 2391 925 2465 sciscitantes,
954 2407 1020 2449 cum
1040 2387 1089 2449 ille

72 2467 165 2532 diceret
183 2490 214 2533 se
233 2473 381 2552 indignum
403 2492 466 2536 esse
487 2480 567 2536 tanto
589 2476 705 2550 honore,
727 2493 801 2551 quae
823 2492 911 2553 supra
931 2473 1090 2536 dictasunt

71 2562 209 2620 memoriae
229 2565 420 2622 occurrerunt
463 2561 546 2638 Quae
569 2562 788 2622 cumfratribus
809 2563 967 2638 retulisset,
996 2564 1088 2622 mirati

72 2651 128 2704 runt
147 2645 180 2706 de
203 2655 285 2708 tanta
305 2647 362 2708 Dei
389 2648 566 2725 hnmilitate,
591 2651 713 2710 scientes
733 2646 864 2728 imaginis
886 2653 947 2711 eius
968 2645 1088 2720 inclina-
1130 2643 1138 2724 l

72 2729 164 2794 donem
183 2735 288 2796 iactam
308 2734 395 2796 fuisse
415 2753 468 2812 pro
489 2737 646 2813 gratiarum
666 2739 787 2796 actione.

395 2925 626 2988 CAPITULUM
650 2927 753 2988 XXII.
851 2961 859 2974 ι

133 3047 177 3108 Dc
196 3051 413 3110 conmaculata·
433 3053 481 3109 cui
501 3050 657 3126 mudhena
679 3048 812 3110 umbrae
834 3053 1013 3126 imprecavit
1047 3098 1053 3117 ,

121 3183 203 3248 Soror
215 3187 358 3266 quaedam
372 3189 477 3250 ordinis
488 3191 578 3251 nostri
591 3189 730 3267 capellam
744 3191 860 3250 oratorii
871 3191 1007 3268 ingressa,
1022 3207 1087 3250 cum

72 3277 128 3331 tuta
151 3275 237 3336 altare
265 3293 363 3336 coram
392 3276 525 3338 crucifixo
553 3276 680 3354 psalmos
705 3275 828 3353 legeret,
850 3284 878 3337 et
898 3280 956 3336 iam
964 3273 984 3357 ²)
1006 3275 1098 3336 tarde,

73 3363 144 3434 osec
163 3368 257 3424 custos
278 3363 357 3424 illam
376 3366 417 3424 ihi
439 3381 501 3424 esse
522 3367 661 3440 nesciens,
685 3365 789 3423 ostium
809 3364 965 3424 forinsecus
987 3363 1089 3424 clausit

73 3445 97 3498 et
119 3451 236 3510 recessit
283 3450 369 3527 Quod
395 3468 461 3512 cum
486 3451 536 3510 illa
562 3453 731 3511 intrinsecus
758 3451 883 3526 audiret,
910 3468 964 3511 nec
991 3456 1087 3510 tarmen

73 3527 171 3600 pulsare
196 3543 406 3612 praesumeret,
432 3538 538 3598 ibidem
565 3540 751 3614 pernoctavit
800 3538 840 3596 Et
866 3540 940 3597 sient
967 3538 1005 3598 eb
1027 3538 1088 3595 eins

74 3627 114 3676 ore
129 3620 229 3699 audiri,
248 3623 345 3684 radius
367 3625 484 3701 quidam
504 3624 542 3684 ad
562 3627 653 3685 instar
672 3624 772 3686 stellae
794 3623 830 3684 de
851 3624 969 3685 brachio
991 3624 1088 3681 exiens

88 3805 115 3874 ')
129 3781 277 3934 {oronaim
295 3830 320 3881 p.
340 3813 382 3866 lc.
402 3845 431 3854 -
459 3813 489 3882 l]
508 3812 549 3868 BG
566 3813 766 3883 singulatim.
787 3843 816 3852 -
836 3814 868 3879 2)
886 3811 949 3864 hcl)
967 3818 1088 3875 tamen,
