2506 4254
404 310 460 372 DE
481 309 710 374 mucules.
1011 316 1074 378 nel

55 427 214 491 intererunt
255 429 331 491 Num
360 433 422 510 ipse
453 435 585 509 princeps
605 433 828 510 Episcopomm,
859 431 968 494 scilicet
993 433 1077 512 Papo

55 516 238 592 Innocentius,
271 521 362 594 primo
394 513 529 580 Ottonenr
555 517 627 580 invit
657 528 686 580 ct
712 522 877 597 coronevit3
908 527 1009 597 posteo
1037 522 1075 582 ob
1119 565 1121 572 ,

57 621 161 664 oensem
180 603 275 664 multis
296 612 394 666 notem
404 603 421 686 ¹)
442 607 522 667 illum
544 606 699 684 deponens,
718 607 902 668 Frederienm
924 611 951 668 ci
970 608 1077 669 edver-

56 693 149 750 suium
175 694 330 751 suscitavit.
372 693 407 752 In
434 692 503 753 luna
530 711 599 756 uero
628 697 711 772 signa
730 713 788 756 non
811 694 973 770 defuerunt,
1002 712 1077 771 queo
1159 771 1160 774 Ἴ

56 775 172 854 enlypscs
192 792 312 854 magnus
333 778 416 838 solito
438 775 562 840 crebrius
582 798 669 857 passe
695 788 746 842 est.
787 775 874 860 Quod
895 781 920 841 si
935 779 966 842 in
987 781 1077 844 stellis

56 863 128 942 signs
145 868 265 942 queens,
288 865 366 942 quod
386 863 446 926 ridi
466 868 595 927 referam.

381 1017 621 1084 CAPITULUM.
637 1017 740 1084 XXV.

145 1135 192 1199 Dc
212 1142 298 1200 stella
319 1160 397 1218 quac
418 1147 483 1204 uiso
504 1147 546 1203 esi
569 1143 709 1204 Coloniae
726 1149 796 1220 poet
816 1141 975 1202 meridien.

110 1261 177 1324 Post
197 1271 319 1330 mertem
340 1263 458 1326 Honrici
480 1266 665 1342 Imperatoris
687 1282 753 1326 eum
773 1265 811 1326 de
829 1279 997 1326 successore
1015 1263 1078 1326 Go-

54 1345 137 1410 loninc
163 1354 192 1408 in
219 1351 327 1426 palutio
355 1360 536 1430 tractaretur,
569 1361 637 1429 pust
664 1353 810 1414 meridiem
838 1355 901 1413 vise
925 1359 970 1412 ost
993 1351 1079 1413 stelle

54 1432 222 1498 lucidissime
264 1437 504 1500 concurrentibus
516 1431 608 1502 'nobis
629 1443 659 1502 in
680 1442 787 1502 curium
807 1439 951 1516 Episcopi,
977 1456 1078 1500 omnes

54 1519 123 1581 illem
142 1524 279 1600 vidimus,
306 1525 359 1586 scd
379 1525 449 1602 qnid
468 1527 651 1605 pertenderet
671 1529 743 1588 nisio
765 1534 826 1588 tom
845 1527 974 1602 insolite,
1002 1529 1079 1586 sciro

55 1624 105 1668 non
124 1613 277 1687 pommus.

354 1765 586 1832 cAPITULUM
610 1769 729 1830 XXVI.
739 1765 769 1850 ⁴⁵)

56 1884 120 1946 ltun
147 1888 182 1948 de
202 1889 288 1948 stella
308 1895 443 1952 mucuns
469 1909 549 1969 quoe
579 1895 723 1968 ermuli
744 1897 815 1967 poet
835 1891 904 1950 eolis
933 1906 1077 1950 occasum.

110 2007 241 2070 Similiter
253 2011 309 2071 hnc
330 2029 404 2072 anno
418 2029 470 2090 per
481 2013 554 2074 *dnus
571 2013 768 2074 hebdomades
784 2014 847 2073 vise
857 2017 904 2074 cst
924 2017 991 2088 post
1010 2011 1080 2072 solis

55 2108 175 2156 sconsum
197 2098 280 2158 stelle
300 2105 396 2159 tentec
417 2100 634 2178 magnitudinis,
665 2107 699 2159 ut
719 2101 756 2160 ud
777 2103 866 2160 instet
886 2101 958 2176 ignis
980 2098 1079 2176 splen·

54 2177 141 2242 dorem
167 2179 202 2244 de
229 2201 261 2244 se
290 2189 438 2248 emitteret.
475 2185 587 2248 'duduci
614 2195 746 2247 asserunt
773 2204 837 2246 eam
858 2187 971 2263 signum
989 2183 1078 2246 fuisse

54 2269 91 2325 sni
101 2267 223 2330 Messiae
235 2271 376 2332 adventus
388 2268 418 2354 ²).
459 2271 542 2335 Haec
557 2274 634 2335 dicte
649 2272 734 2354 sint³)
757 2273 792 2334 de
814 2275 901 2351 signis
922 2269 1078 2332 stellarum.

52 2347 132 2415 Porro
154 2353 189 2415 dc
208 2359 276 2434 igne
296 2359 445 2434 aethereo,
466 2359 582 2422 fulmine
604 2362 712 2421 scilicet
732 2367 821 2437 etque
842 2362 981 2434 tonitruo,
1003 2375 1077 2436 quae

6 2485 8 2496 ,
53 2456 82 2498 er
102 2441 242 2504 collisione
263 2447 382 2506 nubium
403 2450 572 2525 gignuntur,
596 2449 694 2525 alique
714 2446 856 2525 proferam
878 2445 1023 2522 exemplo,
1044 2450 1078 2506 ut

52 2532 153 2589 noveris
174 2531 332 2592 secundum
354 2533 443 2594 verbo
464 2535 621 2595 Salvatoris
642 2542 764 2596 terrores
784 2535 821 2595 de
843 2533 922 2595 coelo
944 2539 973 2593 et
993 2536 1077 2610 signe

52 2627 145 2692 magne
164 2620 250 2678 etiem
270 2619 315 2678 his
335 2622 510 2698 temporibus
532 2625 693 2702 contigisse.

361 2773 596 2839 CAPITULUM
620 2772 753 2838 XXVII.

132 2893 178 2954 De
197 2899 332 2958 touitouo
352 2905 382 2959 et
400 2899 528 2977 fulminco
548 2904 581 2960 in
603 2901 704 2976 ciuilia
723 2901 819 2960 sacco
839 2895 981 2956 Matbioe.

105 3009 139 3072 ln
165 3015 263 3092 sigilis
288 3023 378 3079 senon
399 3021 528 3082 Methiec
550 3021 683 3098 Apostoli
704 3023 757 3082 crit
776 3015 923 3080 biennium
945 3016 1024 3094 quod
1043 3019 1074 3078 in

52 3091 158 3160 dolente
178 3106 297 3180 contigit
312 3121 358 3166 res
379 3111 449 3168 estis
470 3109 648 3184 miraculosa,
670 3115 699 3168 et
718 3107 784 3167 idco
805 3103 985 3180 miraculosa,
1006 3105 1074 3182 quie

51 3179 159 3246 incolite.
199 3189 235 3249 Is
262 3195 429 3269 crepusculo
448 3195 578 3256 ciusdem
599 3198 691 3255 noctis
708 3196 784 3272 ignis
805 3192 912 3252 cudens
932 3191 969 3252 de
990 3191 1072 3252 coelo

50 3269 135 3334 ΝΜ
148 3279 239 3336 uncti
250 3278 383 3340 Andreae
403 3282 536 3358 incendit,
557 3283 682 3342 similiter
699 3288 728 3341 et
748 3295 846 3356 sepem
867 3281 943 3340 circe
964 3281 1073 3340 curium

50 3359 185 3422 uinclum
214 3369 356 3444 cononici,
385 3385 459 3444 qnae
485 3370 663 3446 permultos
685 3371 791 3428 nivium
811 3367 924 3426 labores
946 3369 1071 3426 extincte

49 3451 114 3504 umt.
152 3448 263 3510 Eodem
288 3462 385 3514 sutem
414 3463 498 3517 nnete
526 3457 633 3534 glucies
660 3457 753 3516 lueret
779 3453 937 3531 congelans.
986 3449 1071 3511 Unde

50 3533 75 3584 et
96 3537 261 3598 musculum
287 3544 490 3619 reputabatur,
519 3543 596 3619 quod
622 3545 746 3602 tonitrua
767 3541 872 3615 audiri,
904 3545 933 3598 ct
952 3537 1071 3597 dulmine

51 3611 125 3679 vileri
144 3631 285 3700 peterent.
327 3627 416 3688 Aliud
442 3632 494 3690 tibi
521 3632 642 3691 reserem
662 3629 825 3706 exemplum
846 3625 969 3686 terribile
991 3624 1069 3682 setis

66 3730 90 3799 ¹)
103 3749 220 3808 „nuper
236 3746 411 3798 cunctorem
429 3755 512 3800 teme
530 3745 699 3799 liecbtildis:“
717 3745 766 3797 vu.
780 3741 886 3810 ungens.
903 3740 923 3802 1,
937 3739 965 3790 e.
984 3765 1016 3778 -
1034 3736 1068 3802 ε)

104 3804 190 3930 {simil
213 3811 254 3932 lli.
271 3829 297 3880 p.
317 3815 374 3868 171.
394 3843 424 3858 ·-
444 3809 964 3886 2J130Pedvennumnntmms.
983 3834 1013 3844 -
1033 3805 1066 3870 ³)

168 3895 224 3932 nnn
242 3919 249 3932 .
