2608 4252
417 259 470 320 nn
492 257 650 320 sancus
665 258 807 320 unere.
1087 262 1127 320 so
1241 343 1243 350 Α

19 429 20 470 ;
95 383 177 458 virgo
204 387 273 442 ante
306 398 395 442 anuos
426 399 536 458 paucos
569 388 613 442 cst
652 381 798 457 defuncta,
834 383 947 442 nomine
980 381 1129 442 cumana.

95 467 172 528 Huic
197 469 343 528 Dominus
374 476 404 528 et
430 471 516 530 beata
549 470 609 529 cius
642 468 771 534 (ianitrix
802 467 925 544 plurima
956 469 992 528 de
1013 469 1129 528 secretis

93 557 155 614 suis
174 554 387 631 revelaremnt,
417 574 451 616 ex
478 555 582 632 quibus
611 556 720 632 alique,
752 573 810 614 nou
836 555 1049 631 perordinem,
1077 555 1129 614 sed
1159 621 1161 634 Ι

94 645 215 717 sparsim
248 643 301 702 tibi
329 643 481 717 replicabo.
525 643 597 701 Cum
626 650 754 719 tempore
781 642 907 718 quodam
927 645 956 700 in
977 643 1129 702 festivitate

93 728 308 805 Assumptiouis
338 729 557 806 gloriosissimae
585 729 726 790 Dominae
754 736 868 789 nostrae
896 731 1024 788 visitaret
1051 727 1129 806 apud

92 831 145 874 nos
177 815 342 891 praedictus
373 815 545 876 Eustachius
576 824 659 892 pater
689 822 798 891 noster,
829 822 859 875 et
890 821 985 876 essent
1006 833 1072 874 cum
1093 832 1127 876 eo

91 901 190 976 plures
205 900 346 976 Abbates‚
366 905 396 962 iu
416 905 480 979 ipsa
496 904 688 962 sacratissima
708 909 792 962 nocte
814 905 871 961 iam
893 902 969 961 dicta
989 904 1071 980 virgo
1093 901 1129 961 de

91 987 156 1048 loco
179 995 279 1048 nostro
301 991 439 1048 visionem
460 989 532 1049 vidit
551 989 724 1048 huiusmodi.
767 989 840 1048 Cum
862 989 964 1048 Abbas
985 989 1129 1065 praefatus

91 1075 169 1138 dicto
183 1075 345 1152 Evangelio
359 1075 506 1152 hymnum,
531 1077 571 1135 Te
583 1077 683 1136 Deum
699 1077 867 1148 laudamus,
888 1075 1060 1151 inchoasset,
1080 1075 1130 1134 illa

89 1170 171 1222 stans
193 1164 224 1222 in
245 1162 332 1222 choro
354 1181 416 1238 suo,
438 1164 547 1223 mentis
558 1180 708 1222 excessum
729 1180 816 1242 passa
839 1169 893 1238 est,
911 1163 1039 1239 viditque
1060 1178 1129 1222 coe-

89 1248 150 1308 lum
172 1266 262 1326 super
289 1253 539 1327 congregationem
566 1256 691 1309 nostram
724 1255 864 1325 apertum.
914 1249 953 1308 Et
984 1267 1050 1308 oum
1080 1248 1128 1307 illo

89 1337 118 1394 in
132 1332 148 1416 ¹)
172 1342 304 1412 tempore
325 1339 479 1396 oratorium
500 1343 629 1396 nostrum
649 1343 742 1396 totum
764 1341 838 1396 esset
858 1335 998 1412 ligneum,
1020 1342 1130 1395 utram-

89 1439 147 1499 que
182 1425 245 1484 eius
265 1423 384 1483 iroutem
412 1440 529 1484 auream
555 1439 618 1483 csse
640 1425 794 1499 conspexit.
836 1422 994 1482 Sustollens
1016 1422 1129 1497 oculos,

19 1565 21 1588 ,
90 1527 158 1570 cum
179 1507 241 1590 in2)
263 1510 374 1570 coelum
393 1513 565 1584 intueretur,
589 1511 748 1586 gloriosam
769 1510 826 1568 Dei
848 1508 1021 1569 Genitucem
1042 1511 1130 1568 totius

19 1649 24 1670 ,
90 1597 201 1657 ordinis
220 1599 310 1656 nostri
321 1604 479 1673 patronam,
498 1599 528 1655 iu
546 1596 614 1657 sede
628 1596 856 1671 splendidissima
868 1595 939 1655 vidit
951 1595 1130 1671 residentem,

89 1691 118 1743 et
139 1687 222 1744 circa
249 1683 327 1742 illam
354 1691 518 1744 sanctorum
547 1683 771 1757 multitudinem,
799 1699 920 1758 quorum
951 1689 1032 1742 aetas
1055 1685 1130 1742 cirea
1231 1701 1234 1706 ·

90 1772 195 1848 viginti
229 1773 354 1846 quinque
391 1787 482 1830 annos
515 1787 579 1831 esse
610 1770 772 1830 videbaturr
822 1769 896 1828 Cum
925 1786 1000 1829 vero·
1026 1768 1130 1830 chorus

88 1857 299 1918 monachorum
330 1857 491 1918 inclinando
522 1857 625 1918 devote
657 1862 797 1930 caneret,
829 1855 970 1929 Sanctus,
1002 1863 1130 1929 coactus,

87 1951 228 2016 sanctus,
250 1945 398 2004 Dorulaus
419 1945 502 2004 Deae
523 1944 669 2016 Sabaoth,
697 1946 760 2018 ipsa
780 1943 870 2020 Virgo
892 1944 1057 2004 beatissima
1078 1943 1130 2002 dc·
1204 1987 1206 1990 -
1284 1939 1285 1942 ’

90 2033 202 2092 notioni
234 2047 333 2090 eorum
360 2031 575 2108 congratulans,
613 2047 747 2090 coronam
784 2032 872 2090 mirae
903 2029 1131 2106 pulchritudinis,

90 2117 193 2192 quales
212 2121 242 2176 in
256 2117 381 2178 ecelesiis
396 2118 521 2194 pendere
544 2117 645 2192 solent,
665 2135 716 2192 per
737 2116 889 2176 cathenam
909 2134 1026 2176 auream
1047 2133 1132 2192 super

91 2210 268 2266 conventum
290 2203 401 2264 demisit
410 2201 440 2284 3).
482 2205 562 2264 Loco
584 2211 681 2263 eutem
701 2203 770 2263 nodi
790 2221 905 2280 gemma
926 2209 988 2262 erat
1007 2205 1132 2279 pretiose

91 2294 178 2352 nimis
199 2308 234 2351 ac
256 2291 366 2367 lucida,
393 2293 423 2350 iu
445 2309 503 2368 qua
523 2294 660 2367 seriptum
682 2297 754 2366 erat,
784 2308 801 2350 o
824 2290 964 2364 clemens,
990 2291 1091 2365 opia,
1113 2305 1130 2348 o

92 2378 186 2440 dulcis
206 2378 310 2438 Maria.
358 2377 405 2438 Dc
425 2381 489 2454 ipsa
509 2395 625 2455 gemma
645 2380 699 2438 tria
720 2376 914 2452 procedebant
932 2371 1132 2456 brachiola),

92 2483 169 2542 quae
211 2482 346 2534 coronam
381 2465 590 2540 dependentem
616 2465 785 2525 retinebant
841 2465 886 2524 Fur
918 2465 1031 2523 nomine
1063 2480 1132 2524 vero

93 2552 201 2628 Maria,
233 2551 305 2611 radii
326 2551 443 2628 quidam
465 2559 617 2628 exeuntes,
637 2555 754 2611 nomina
774 2551 979 2610 monachorum
1003 2549 1132 2628 singulo-

93 2635 200 2718 rums),
223 2639 325 2698 eadem
346 2638 418 2699 hora
437 2641 467 2698 in
490 2639 577 2698 choro
600 2641 793 2712 existentium,
815 2655 889 2713 quae
910 2656 961 2714 per
984 2639 1132 2697 circuitum

93 2742 218 2786 coronae
231 2728 337 2803 scripta
349 2725 527 2801 videbantur,
548 2726 755 2785 illuminabant.
793 2723 947 2784 Iu'eisdem
968 2725 1132 2783 nominibus

94 2830 201 2889 magna
229 2817 290 2870 erat
318 2812 505 2888 inaequalitas
534 2819 593 2872 tam
620 2814 812 2888 inpositione
833 2813 970 2886 quamin
991 2809 1132 2885 clarItate,

94 2902 162 2975 quia
190 2898 350 2958 secundum
382 2899 547 2975 qualitatem
568 2902 733 2958 meritorum
756 2904 816 2958 erat
838 2898 950 2958 claritas
971 2898 1132 2974 nominum3

94 2993 123 3045 et
144 2984 326 3061 qnonmdam
346 2988 476 3060 nomina,
499 2988 548 3062 qni
568 2989 718 3046 recentiori
739 2991 868 3061 tempore
889 2989 1035 3059 venerant,
1057 3001 1133 3061 quo-

95 3072 215 3131 rundam
242 3073 405 3131 nominibus
434 3071 603 3131 videbantur
625 3075 785 3148 superiora,
818 3074 866 3148 qui
896 3070 944 3130 diu
971 3075 1001 3130 in
1034 3073 1133 3131 ordine

94 3157 305 3220 laboraverant.
346 3159 391 3217 Ex
413 3176 470 3233 quo
493 3159 634 3236 colligitur
661 3149 738 3234 quod
768 3161 869 3216 merita
890 3159 1015 3218 Domino
1036 3159 1133 3218 famn-

95 3243 214 3304 lsntinm
236 3262 295 3304 uon
309 3247 466 3305 consistant
481 3263 570 3322 penes
592 3247 716 3322 spatium
738 3247 883 3319 temporis,
904 3258 961 3304 non
982 3248 1011 3303 in
1032 3245 1133 3306 labore

97 3333 237 3410 eorporis,
269 3330 322 3392 sed
343 3335 435 3410 magis
455 3350 545 3410 penes
565 3333 706 3392 fervorem
729 3331 897 3391 devotionis.
941 3331 1014 3390 Cum
1035 3338 1133 3392 autern

116 3483 145 3553 l)
162 3485 195 3536 in
213 3497 254 3536 orn
271 3483 323 3536 ΒΙ).
342 3513 373 3524 -·
392 3484 424 3550 2)
441 3484 471 3536 in
496 3481 546 3536 edd
563 3482 592 3536 B.
611 3513 643 3524 -
662 3483 694 3550 3)
712 3482 733 3535 Β
751 3483 883 3534 dimisit.
903 3511 933 3522 -—
952 3483 985 3550 l)
1003 3481 1043 3536 GP
1060 3481 1133 3534 bra-

164 3552 244 3604 elsia.
279 3553 369 3606 llornil.
386 3553 428 3606 lV.
445 3569 470 3620 p.
489 3554 551 3606 1762
580 3551 682 3620 ,Nodus
699 3551 740 3605 vel
758 3551 847 3620 globus
865 3551 897 3602 de
915 3567 966 3619 qno
984 3550 1133 3620 quibusdam

163 3620 300 3674 brachiolis
317 3637 410 3676 cornus
427 3623 481 3689 ipsa
499 3622 639 3690 dependet,
662 3621 816 3674 rotunditate
833 3637 878 3674 sue
896 3629 972 3688 atque
989 3623 1071 3674 nitore
1089 3635 1134 3672 so·

164 3692 219 3746 lare
236 3707 328 3760 corpus
345 3694 494 3759 exprimens,
511 3691 636 3746 Christum
656 3692 780 3760 significet
797 3691 875 3742 solem
893 3691 1012 3754 iustitiae,
1029 3691 1072 3758 qui
1089 3703 1133 3739 rs-

165 3761 214 3814 rliis
241 3775 302 3814 sose
327 3763 424 3831 gratiss
449 3769 500 3814 tarn
525 3762 662 3831 Apostolos
688 3777 762 3830 quam
786 3758 921 3826 discipulos
945 3757 993 3808 sibi
1018 3757 1133 3820 attraxit,

166 3831 327 3898 smtentsvit,
343 3829 514 3903 illuminarit!
528 3861 559 3874 -
574 3833 607 3901 5)
624 3831 664 3885 BP
681 3827 880 3899 singulorum
898 3823 1131 3878 monachornm.
