2524 4252
310 274 365 336 Db
386 273 566 340 Pennino
587 275 852 340 MORTUORUM.
1031 279 1100 339 aes*

62 393 123 454 lum
142 394 301 472 requireret
319 413 373 457 nee
393 397 521 473 liaberet,
543 399 597 458 uit:
619 398 682 475 Ego
704 399 786 460 vobis
798 395 815 480 ¹)
838 398 968 460 serviam
982 399 1095 475 quoad·

62 499 156 556 usque
164 477 185 562 ²)
206 481 361 542 volueritis.
395 483 444 543 Ad
457 487 622 560 petitionem
634 493 731 544 umen
743 485 954 561 praediotorum
966 488 1095 546 virorum

63 567 197 628 dimbeus
218 574 292 629 esta
311 569 455 631 nauclero.
491 570 548 647 Qui
564 589 635 631 eum
652 589 782 632 reversus
802 573 901 634 inisset
920 571 958 633 ad
976 589 1096 633 uxorem

62 671 161 728 mam,
188 671 270 715 esoro
297 658 364 734 igne
392 663 487 718 motus
516 665 568 717 est:
611 656 664 717 (lui
684 659 793 718 ardenti
813 658 939 735 quadam
959 665 1045 720 noete
1065 661 1100 719 in·

62 744 173 802 somnis
193 741 301 802 dietum
323 749 375 818 eet,
396 746 463 818 quia
484 746 508 803 ei
529 745 567 804 ad
581 744 732 804 ecelesiam
744 749 835 804 mneti
847 743 988 822 Nyebolai
1009 762 1096 806 aoce-

63 827 160 904 deret,
190 831 287 888 statim
316 830 537 890 convalesceret
585 831 644 891 Ubi
673 831 742 892 dum
769 849 853 892 orans
881 831 1097 908 quatuordeeim

62 917 209 976 orationes
229 914 347 976 dixisset
369 933 431 976 ‚neo
460 917 665 992 convaluisset,
696 917 862 994 desperatus
901 920 955 978 ait:
989 917 1101 979 Sauote'

62 1001 213 1078 Nyobolae
224 1001 292 1078 quid
303 1002 443 1064 moraris?
463 1001 563 1084 Mox³)
585 1011 618 1064 ut
638 1007 765 1081 quintam
776 1005 917 1065 desimam
937 1007 1095 1066 orationem

62 1091 184 1165 incepit,
204 1089 329 1165 perfeeto
361 1090 517 1167 oonvaluit3
547 1097 641 1152 otest
671 1109 763 1168 usqne
795 1091 881 1153 bodie
913 1091 992 1152 oolor
1023 1094 1096 1170 ignis

61 1177 93 1233 in
115 1177 176 1234 eius
205 1192 324 1252 oorpore
350 1179 410 1237 elne
432 1177 539 1238 dolore.
582 1177 676 1254 Quam
704 1179 853 1240 eoeleeiam
882 1180 1011 1256 quaein
1039 1178 1096 1238 vil-

63 1261 93 1322 la
114 1261 227 1322 Staium
234 1257 256 1342 ⁴)
278 1266 333 1322 sita
354 1270 413 1338 eet,
434 1263 469 1323 de
490 1281 543 1324 suo
564 1267 733 1339 patrimonio
755 1265 955 1342 reaedificans,
983 1268 1012 1325 in
1040 1265 1096 1325 bn·

62 1348 129 1407 bitu
148 1347 279 1426 religioso
312 1367 378 1409 oum
398 1367 487 1410 uxore
508 1369 561 1410 sue
582 1351 646 1410 Deo
669 1359 698 1412 et
718 1359 817 1412 saneto
839 1353 989 1430 Nyoholuo
1010 1355 1039 1410 in
1061 1369 1097 1412 eo

63 1435 199 1495 deseruit
239 1433 442 1497 NOVICIUS:
470 1437 583 1499 Vellem
611 1440 683 1498 eeire
710 1439 834 1515 periente
856 1445 951 1498 utrum
972 1441 1026 1498 iste
1047 1456 1097 1499 re-

64 1527 187 1582 voeetus
208 1524 245 1582 sit
266 1523 302 1582 de
322 1523 430 1583 inferno
448 1526 509 1584 aive
530 1524 566 1583 de
579 1527 751 1601 purgatorio.
782 1521 1026 1585 MONACHU82'
1039 1524 1096 1585 Se-

65 1610 102 1667 tis
125 1607 190 1667 inde
212 1607 387 1685 disputatum
408 1617 460 1670 eet.
503 1610 589 1687 Quod
616 1628 673 1671 non
699 1613 832 1672 fueritin
852 1614 1032 1688 purgatorio,
1060 1629 1097 1671 er

65 1695 124 1754 lroo
144 1696 288 1770 probatur,
310 1692 414 1776 quodq
435 1696 515 1756 loeus
538 1697 691 1757 electorum
712 1702 757 1774 sit,
776 1701 806 1756 in
828 1713 914 1774 quem
934 1697 1029 1757 nullus
1049 1698 1098 1756 in·

65 1780 203 1858 greditur,
222 1785 276 1841 nisi
296 1784 325 1841 iu
346 1785 463 1843 mritete
482 1783 644 1844 decesserit.
686 1785 717 1845 Si
739 1786 870 1844 oblinitur
889 1783 972 1842 illud:
994 1783 1029 1842 ln
1049 1785 1097 1842 ia-

66 1869 146 1927 lerno
174 1868 254 1928 nulla
275 1875 318 1928 est
338 1869 508 1946 redemptio,
537 1878 631 1947 potest
652 1871 722 1947 dloi,
752 1872 787 1932 de
806 1871 861 1930 illis
882 1869 1097 1948 intelligendum

66 1971 148 2029 osse,
170 1957 219 2030 qui
239 1972 297 2014 non
319 1962 385 2015 sunt
404 1960 545 2017 reversuri
565 1959 604 2018 ad
625 1975 742 2034 eorpus,
767 1959 871 2034 quibus
891 1957 971 2017 nulla
991 1956 1030 2018 ad
1050 1974 1100 2017 re·

66 2041 259 2117 demptionem
279 2049 400 2117 prosunt
419 2044 566 2104 beneficia.
608 2045 675 2104 Una
703 2053 746 2124 est
765 2046 813 2105 lex
835 2047 961 2105 omnium
983 2049 1098 2105 conbu-

65 2131 183 2188 riorum.
225 2128 256 2188 Si
270 2127 350 2189 Deus
372 2130 549 2206 quorundam
570 2134 687 2208 animas,
709 2135 782 2192 siout
797 2131 900 2209 legitur
919 2133 949 2190 in
964 2131 1099 2206 Dialogo,

67 2213 378 2291 quandoquerevoeat
398 2217 435 2276 ad
456 2235 560 2294 eorpus
581 2219 617 2278 de
639 2219 750 2296 gaudiis
771 2218 910 2294 paradisi,
931 2233 1018 2293 quere
1039 2234 1097 2276 nou

66 2321 84 2361 a
115 2301 197 2361 simili
225 2301 364 2362 mulorum
393 2307 503 2364 animas
532 2305 566 2366 de
592 2309 691 2380 poenis
719 2304 838 2364 infersit
880 2304 963 2364 Siout
989 2303 1099 2364 dietum

67 2395 113 2450 est
142 2391 172 2448 in
201 2387 379 2451 distinetione
406 2392 497 2466 prime
526 2392 649 2468 oapitulo
670 2394 812 2452 tricesimo
835 2396 951 2467 quarto,
977 2389 1099 2452 olerioue

67 2475 183 2552 quidam
209 2477 388 2537 custodiente
416 2496 447 2538 ee
469 2479 582 2539 diabolo
605 2479 787 2554 corporaliter
814 2477 852 2537 ad
882 2493 990 2553 poenus
1010 2477 1098 2536 inler-

65 2561 146 2622 nales
167 2567 212 2622 est
234 2561 381 2637 deductus,
402 2571 430 2626 et
451 2565 601 2625 ineolumie
618 2565 761 2625 reduetus.
802 2563 1004 2624 NOVIOIUS:
1026 2563 1098 2622 Pla·

67 2655 115 2708 eet
143 2647 221 2725 quod
250 2650 329 2709 diois.
360 2648 595 2712 MONACHUS:
616 2651 699 2712 Nune
722 2651 757 2710 de
777 2653 878 2726 poenis
898 2645 1097 2726 purgatumst)

66 2735 164 2811 aliqua
194 2736 246 2794 tibi
278 2735 418 2810 proferam
447 2738 595 2816 exempla,
625 2739 662 2798 ab
690 2738 845 2798 acrioribus
872 2735 1031 2819 ascendens
1058 2734 1097 2796 ed

26 2825 30 2834 '
65 2824 200 2897 mitiores,
220 2838 322 2883 ualuas
343 2827 497 2902 purgatorii
519 2824 603 2885 utiles
624 2827 693 2885 satis
714 2822 919 2884 subnectendo.

398 2995 630 3060 CAPITULUM
650 2997 767 3060 XXIV.

197 3117 245 3178 De
261 3120 441 3194 purqoiorio
463 3121 616 3180 ouiuedoon
638 3122 771 3180 morardi
791 3118 967 3180 Leodieueis.

128 3237 282 3298 Usurarius
311 3237 427 3316 qnidam
455 3243 558 3300 nostris
586 3242 762 3318 temporibus
783 3239 860 3317 apud
881 3239 1022 3301 Leodium
1042 3239 1096 3300 de·

64 3323 177 3384 boetus
199 3331 256 3399 est,
278 3332 307 3386 et
327 3326 365 3386 ab
387 3326 530 3404 Episcopo
553 3327 588 3388 de
610 3330 745 3388 cimiterio
768 3330 884 3388 eieotus.
926 3326 1006 3388 Uror
1026 3343 1096 3387 vero

64 3409 138 3470 illins
159 3410 264 3471 Sedem
285 3412 482 3489 Apostolioem
503 3414 610 3491 adiens,
632 3432 697 3475 euru
718 3431 771 3491 pro
793 3416 928 3474 cimiterio
949 3413 1096 3490 supplies-

64 3503 114 3573 ret,
137 3503 166 3556 et
179 3497 261 3574 Papa
281 3516 339 3559 non
360 3507 506 3577 minueret,
527 3504 556 3560 in
577 3501 652 3562 hune
674 3502 791 3561 modum
812 3519 864 3579 pro
887 3517 922 3562 eo
943 3500 1095 3575 allegavit:

65 3582 306 3646 Audividomine
327 3586 405 3664 quod
426 3588 471 3647 vir
492 3593 521 3647 et
541 3588 641 3649 mulier
661 3607 751 3649 unum
771 3591 842 3665 sint,
863 3595 892 3649 et
913 3586 991 3664 quod
1011 3583 1096 3659 Apo·

84 3699 114 3767 1)
132 3697 153 3752 C
170 3715 230 3768 ego
248 3701 413 3755 vobiscum
432 3701 485 3756 ibo
504 3713 541 3759 et.
560 3736 593 3745 —
611 3706 643 3774 2)
660 3705 681 3759 ll
699 3719 875 3775 quousque.
894 3731 925 3742 —
940 3702 971 3770 ³)
989 3699 1009 3751 B
1027 3713 1095 3750 mox

133 3784 219 3822 vero.
240 3799 269 3810 -
283 3772 314 3839 l]
333 3771 455 3824 Stalurn
473 3789 513 3826 om
531 3774 607 3840 coln
625 3775 644 3827 Ρ
661 3775 738 3827 babet
755 3772 904 3844 quadam,
921 3769 981 3823 llet
998 3783 1056 3821 oorr
1072 3769 1094 3821 Α

133 3841 240 3892 euncti
267 3841 555 3913 Nycbolai.-5)B
572 3844 804 3914 eoquod-6)
825 3839 1093 3908 BFPpurgutorii.
