2512 4254
311 268 365 330 DE
386 269 571 333 DIVERSIS
592 269 828 334 VISIONIBUS.
1045 274 1084 334 85

70 391 94 449 iu
109 391 282 452 amaritudine
296 395 383 454 animi
400 395 453 454 sui.
481 395 662 471 Dicebatque
677 396 741 470 sibi,
762 411 860 454 secum
875 393 1087 454 ratiocinando:

69 477 175 538 licce
154 496 192 538 sic
206 485 234 538 et
245 481 286 539 sic
301 479 439 559 habuisti;
460 480 533 542 haec
547 489 576 542 et
589 480 662 542 haec
675 483 779 558 petisti.
811 480 868 540 Ubi
882 498 958 541 nunc
973 488 1017 540 est
1037 481 1087 540 illa

73 564 180 642 devotio,
199 567 249 626 obi
269 525 439 643 spes‘illa,
449 575 478 628 ct
498 571 547 646 pia
569 569 604 628 dc
627 568 722 628 divium
743 571 850 644 pietate
870 567 1087 644 praesumptio?

72 650 137 728 Quid
155 669 228 712 nunc
244 657 339 730 agitur
360 653 477 716 tecum?
519 655 558 714 Ει
578 656 695 716 adiecit.
717 655 845 716 Petieras
866 661 903 722 ιιι
920 654 1016 730 aliqua
1037 655 1089 714 tibi

70 737 191 798 revelatio
217 739 306 800 fieret.
348 741 386 800 Et
414 745 438 801 si
465 741 552 801 modo
573 743 670 817 fieret,
698 741 767 819 quid
788 743 967 817 potissimum
988 739 1087 802 videre

71 823 194 901 eligam?
222 825 329 903 Utique
354 827 512 888 Dominum
545 828 702 904 Christum,
730 828 776 888 vel
805 828 997 888 dulcissimam
1026 829 1088 886 eius

71 919 189 986 matrem,
216 920 268 972 aut
295 921 370 975 certe
399 918 501 976 ambos
522 916 614 974 simul.
658 915 788 990 Cumque
808 916 853 974 his
876 921 905 975 et
925 913 1088 974 huiusmodi

71 1000 275 1074 cogitationibus
303 1008 459 1078 occupatus
485 1002 610 1077 sederet,
641 1002 778 1079 vigilans,
806 1009 839 1062 ut
867 1021 954 1079 supra
981 1001 1089 1066 dictum

72 1093 121 1160 est,
139 1085 187 1146 sad
207 1086 311 1147 eleusis
333 1088 436 1164 oculis,
456 1089 546 1149 lector
558 1086 574 1169 ¹)
597 1090 681 1148 dixit:
711 1091 757 1149 Tu
779 1096 888 1148 cutem.
930 1089 968 1146 Et
990 1093 1089 1149 cantor

70 1187 175 1248 surgam
196 1174 342 1234 subiunxit
362 1179 589 1252 responsorium:
610 1177 787 1236 Benedictus
809 1180 861 1252 qai
881 1180 961 1236 ocuit
980 1179 1013 1234 ia
1033 1191 1091 1234 uo-

72 1261 138 1318 mica
163 1260 291 1320 Domini.
333 1263 370 1322 Et
399 1280 466 1322 ecce
493 1265 582 1329 astitit
610 1269 677 1322 aute
705 1263 784 1322 illum
806 1268 964 1339 torpentem
986 1278 1089 1321 mona·

72 1343 146 1404 chum
175 1353 304 1408 matrona
333 1350 474 1425 quaedam
502 1349 651 1409 reverendi
678 1349 775 1409 vultus
805 1357 833 1409 et
861 1348 1090 1425 incomparabilia

72 1431 287 1510 pulchritudinis,
318 1434 429 1498 habens
449 1439 478 1495 in
500 1435 617 1496 brachio
638 1437 807 1496 infantulum
829 1435 902 1495 adeo
924 1435 1093 1512 parvulum,

73 1521 142 1592 quasi
172 1529 299 1581 recenter
325 1529 439 1598 natum,
472 1523 632 1582 involutum
662 1523 786 1583 fasciolis
815 1523 919 1582 vilibus
947 1523 1032 1582 valde
1062 1529 1092 1582 et

73 1605 190 1681 abiectis,
217 1609 247 1665 in
274 1615 386 1669 tantum
414 1617 447 1669 ιιι
475 1611 560 1669 etiam
582 1629 668 1686 super
689 1610 797 1670 vilitate
819 1627 917 1670 carum
937 1609 985 1668 ille
1008 1627 1089 1669 com-

72 1693 217 1766 passionem
237 1697 407 1771 conciperet.
449 1696 621 1757 Stabatt
572 1706 621 1756 aut
622 1715 668 1756 em
689 1699 771 1772 quasi
792 1703 866 1755 retro
889 1699 981 1772 ipsam
1002 1713 1090 1756 senex

74 1780 179 1839 amiotus
193 1781 288 1857 pallio,
305 1782 419 1842 indutus
433 1786 537 1859 tunica,
559 1791 587 1843 et
602 1784 704 1860 pilleus
726 1801 784 1842 non
805 1784 983 1842 acuminatus
1005 1799 1091 1858 super

76 1873 149 1941 eaput
160 1869 226 1943 eius,
239 1885 312 1944 quae
327 1873 422 1930 omnia
433 1870 603 1930 videbantur
620 1889 682 1930 esse
696 1869 731 1930 dc
747 1870 814 1930 lana
835 1870 903 1930 alba
924 1875 953 1930 et
973 1869 1089 1928 munda.

73 1949 178 2012 Vultum
200 1961 294 2014 tamen
316 1958 391 2016 sanis
412 1957 509 2017 videre
529 1975 587 2017 non
608 1975 645 2034 po
647 1935 714 2032 tuit,
736 1958 792 2016 situ
813 1957 889 2034 pillei
909 1957 1090 2034 impediente.

74 2035 142 2098 Vidit
168 2043 252 2100 ctiam
280 2042 374 2103 lusum
404 2061 470 2104 oum
497 2042 591 2126 licio²)
617 2043 743 2120 pendere
771 2062 789 2103 a
817 2045 906 2104 latere
927 2051 1090 2148 mamonae,

74 2123 116 2183 scd
142 2127 233 2187 colum
261 2129 366 2190 vidisse
395 2148 426 2191 se
454 2149 512 2191 non
538 2134 672 2191 meminit
714 2129 807 2206 Vidit,
836 2138 865 2191 et
893 2133 960 2206 quia
988 2131 1091 2198 clarius

75 2211 157 2273 videre
176 2215 279 2292 voluit,
301 2235 387 2292 quam
408 2218 492 2294 vidit,
513 2218 582 2278 nihil
602 2218 681 2280 vidit.
724 2217 845 2295 Aperuit
866 2221 941 2279 enim
963 2216 1091 2278 emmeles

75 2297 174 2376 oculos,
201 2309 230 2362 et
256 2302 410 2380 gloriosam
437 2305 516 2364 illam
541 2307 679 2365 visionem
707 2305 836 2381 perdidit.
879 2303 946 2363 Et
905 2312 979 2363 ιιιι
967 2303 1091 2378 tellexit,

75 2386 141 2460 quod
166 2389 251 2448 beata
279 2391 370 2466 Virgo
396 2391 496 2451 finisset
523 2391 571 2450 illa
599 2399 745 2466 matrona,
772 2391 864 2451 inians
891 2391 1034 2466 Christus,
1063 2395 1092 2448 ct

74 2487 148 2531 senex
162 2475 280 2552 loseph.
322 2477 361 2537 Ει
381 2481 514 2555 recepit·
507 2499 536 2536 rn
555 2479 605 2538 illa
625 2479 697 2538 hora
719 2480 848 2554 spiritum
869 2496 953 2538 suum
973 2479 1092 2550 bonum,

76 2564 99 2616 et
116 2560 247 2638 reliquum
269 2571 385 2626 sanctae
397 2564 591 2625 sollemmtatrs
600 2562 620 2645 ³)
643 2567 808 2642 transegit
800 2584 829 2622 ιιι
850 2565 955 2642 gaudio
977 2579 1092 2641 magno.

76 2643 148 2704 Anno
175 2653 282 2726 gratiae
310 2651 459 2710 millesimo
488 2653 681 2712 ducentesimo
710 2655 793 2711 tertio
819 2651 929 2711 decimo
951 2649 1027 2709 faeta
1049 2654 1094 2708 est

77 2733 136 2792 visio
148 2733 226 2796 hacc.
267 2737 470 2798 NOVICIUS:
492 2738 568 2815 Quia
585 2756 675 2816 genus
689 2739 773 2797 huius
794 2741 910 2798 visionis
932 2737 1104 2806 discerncre,

75 2835 125 2877 non
136 2822 224 2899 valeo,
245 2822 282 2883 ad
297 2831 378 2884 tuum
391 2824 460 2883 illud
475 2843 595 2885 examen
615 2829 773 2885 transmitto
782 2819 813 2904 ⁴).
856 2820 1092 2883 MONACHUS:

76 2903 248 2982 Expertorum
281 2918 357 2970 esset
391 2911 460 2971 talia
488 2911 614 2972 diffinire.
665 2912 803 2989 Quodsi
832 2909 927 2969 dixero
954 2910 1093 2969 visionem

77 2993 150 3054 ιιιιιιι
175 2997 259 3058 luisse
286 2997 478 3074 spiritualem,
511 2999 640 3059 obiicitur
669 2999 746 3075 quod
778 3015 837 3057 uon
865 2999 902 3056 sit
928 2998 958 3056 in
985 2997 1093 3056 somnis
1147 3067 1151 3078 ⁵

77 3077 156 3158 sucta,
181 3087 247 3160 quia
272 3085 430 3144 monachus
458 3093 526 3146 tunc
554 3085 695 3162 vigilavit3
722 3102 815 3162 neque
835 3086 866 3143 in
887 3086 996 3159 extasi,
1026 3085 1094 3161 quia

77 3181 196 3230 sensuum
209 3174 378 3232 exteriorum
400 3189 434 3232 eo
456 3171 632 3259 temporefl)
635 3173 709 3232 bene
731 3189 849 3246 compos
870 3171 931 3230 luit
972 3170 1047 3231 Item
1068 3171 1094 3230 si

77 3253 221 3318 iudicavere
242 3247 320 3318 illam
343 3251 534 3336 corporalem,
561 3259 725 3335 respondes,
746 3258 823 3334 quod
845 3258 935 3318 oculis
957 3275 1094 3334 corpora·

77 3337 140 3402 lilim
171 3345 286 3421 chusia,
331 3347 513 3422 corporaliter
540 3347 636 3406 videre
664 3363 722 3404 non
750 3347 852 3421 potuit.
896 3344 971 3421 Quid
1004 3341 1094 3421 ergo?

78 3427 143 3490 Audi
170 3431 204 3492 de
231 3432 287 3492 hoc
307 3449 402 3492 meam
424 3435 600 3512 opinionem,
632 3449 690 3491 non
711 3434 907 3492 assertionem.
948 3431 1094 3508 Quantum

79 3531 107 3574 cx
125 3515 181 3579 aliis
198 3521 353 3580 visionibus
376 3519 488 3598 colligo,
509 3519 685 3596 corporalem
707 3518 785 3578 illam
806 3517 910 3592 iudico,
932 3521 1000 3594 quia
1020 3517 1095 3578 luci·

78 3600 135 3664 dum
147 3605 247 3668 Christi
267 3613 416 3683 aspectum
438 3610 599 3683 civiumque
621 3607 795 3680 coelestium,
816 3612 876 3666 ιιιιιι
897 3600 1009 3664 subtilis
1029 3601 1095 3679 pal-

92 3702 413 3772 ι)ιιοιιιιιιιιοι.-
383 3705 653 3826 -2JBCliuu—
620 3700 1095 3784 -3)l)sollernnitatisoiii-

134 3777 279 3828 cium-
312 3775 427 3844 mer
473 3784 557 3830 tuum
581 3789 710 3828 examen
733 3771 816 3825 illud
839 3770 1036 3824 remitto
1063 3766 1095 3834 5)

136 3845 371 3915 dlll‘tenrporis
