2608 4252
433 287 488 351 DE
508 287 667 352 SANOTA
686 286 828 352 MARIA.
1107 293 1147 351 21

112 419 142 476 in
162 412 258 475 medio
281 411 361 474 chori
381 418 504 474 stantem
526 413 724 474 decentissime
748 417 956 490 praeparatam.
994 411 1150 474 Venientes

113 509 211 564 autem
221 507 280 562 tres
293 503 358 560 miri
371 500 481 561 decoris
495 509 650 576 matronae,
663 501 829 560 indumenta
842 499 1029 560 sacerdotalia
1042 517 1150 578 appor-

114 595 255 664 taverunt,
277 594 307 648 et
328 588 501 664 explicantes
523 605 559 648 ea
580 605 666 664 super
686 605 816 648 mensam
836 589 891 664 ipsi
905 583 921 666 Ι)
942 594 1148 662 praesentave-

113 683 188 736 runt.
209 709 252 719 -
272 673 341 734 Alio
351 673 449 734 itidem
469 681 597 750 ternpore
620 693 686 734 cnm
707 678 736 736 in
763 677 841 734 initio
863 674 981 733 landum
1001 674 1149 750 Psalmus,

114 765 198 823 Deus
217 765 395 821 misceatur
421 765 532 836 metri,
566 762 778 836 decantaretur,
812 761 883 820 vidit
915 760 1061 820 dexteram
1093 762 1150 822 Dei

114 866 201 926 snper
221 849 349 908 medium
370 848 450 908 chori
472 848 587 908 dantem
615 849 842 908 benedictionem
863 865 948 924 super
970 853 1150 907 conventum.

115 935 161 998 Ob
184 953 272 1012 quam
295 953 412 995 causam
424 952 591 995 concessum
613 942 657 995 est
676 937 810 995 tratribus
833 937 984 1008 conversis,
1004 937 1035 992 in
1055 937 1150 993 mino-

113 1020 225 1104 rdrns²l
247 1023 328 1082 iestis
358 1023 440 1082 illurn
459 1022 607 1082 Psalmnm
635 1022 793 1097 peraudire.
835 1021 1037 1083 NOVIGIUS:
1060 1021 1150 1080 Miror

115 1111 218 1186 quibus
239 1111 348 1168 meritis
368 1112 412 1168 vir
433 1111 486 1168 iste
507 1109 545 1168 ad
560 1115 670 1168 tantam
690 1111 852 1185 pervenerit
872 1105 1030 1190 gratiam).
1072 1105 1150 1168 Mo-

113 1195 289 1256 NACHUS:
320 1196 481 1255 Virtutibus
513 1193 658 1276 animast)
688 1199 825 1270 maxime,
855 1198 972 1255 caritate
1003 1193 1150 1270 videlicet,

114 1282 306 1359 simplicitate,
326 1281 485 1342 humilitate
507 1283 596 1342 ethis
613 1283 760 1342 similibus.
803 1283 838 1342 In
858 1282 903 1341 his
926 1285 1001 1342 enim
1023 1285 1152 1342 consistit

114 1387 236 1446 regnum
257 1369 322 1443 Dei,
342 1385 401 1428 non
421 1371 450 1427 in
472 1386 609 1443 sermone,
630 1371 686 1429 vel'
698 1373 727 1428 in
748 1370 847 1429 labore
869 1369 1015 1444 corporali.
1058 1370 1150 1429 Prae-

115 1456 211 1516 dicare
233 1462 331 1514 autern
352 1473 404 1514 seu
424 1457 557 1515 manibus
577 1457 706 1516 laborare
728 1459 789 1516 sine
810 1457 962 1515 virtutibus
977 1453 1150 1534 modicum⁵)

114 1543 202 1604 valet
245 1542 357 1602 Tantae
398 1543 537 1618 siquidem
565 1543 657 1603 fuerat
689 1543 870 1618 humilitatis,
909 1549 942 1600 ut
970 1545 995 1600 si
1026 1543 1151 1617 aliquem
1189 1609 1192 1614 Δ

114 1628 324 1690 monachorum
346 1627 491 1709 obvians)
513 1630 667 1705 habuisset,
689 1630 866 1705 complicatis
887 1631 1005 1688 manicis
1027 1647 1058 1689 se
1080 1646 1151 1688 eon-

114 1717 257 1789 trnheret,
280 1722 308 1774 et
337 1733 374 1775 ne
402 1717 482 1774 illurn
502 1724 582 1775 veste
614 1723 758 1794 tangeret,
786 1719 816 1774 in
847 1722 957 1792 partem
988 1715 1150 1775 declinaret

114 1803 285 1877 Reqnisitus
307 1799 343 1862 de
363 1803 427 1878 hoc,
448 1803 605 1880 respondit:
628 1804 765 1880 Egosnm
787 1810 935 1879 peccator,
957 1808 986 1862 et
1006 1821 1065 1862 non
1087 1819 1151 1861 snm

115 1889 222 1966 dignus
242 1896 276 1946 ut
284 1888 339 1948 hos
360 1897 473 1950 sanctos
492 1894 567 1950 viros
589 1896 705 1966 tangam
726 1890 773 1950 vel
794 1896 897 1966 tangar
917 1890 955 1965 ab
977 1892 1026 1950 eis.
1068 1889 1152 1948 Duos

115 1975 260 2052 siquidem
281 1975 354 2034 filios
374 1983 441 2035 ante
462 1981 678 2036 conversionem
704 1980 733 2036 in
755 1981 902 2038 iuventute
923 1981 1072 2053 genuerat,
1094 1993 1153 2034 non

115 2069 215 2123 tamen
243 2061 382 2138 legitime,
413 2063 570 2132 Henrioum
602 2066 735 2124 videlicet
762 2082 932 2124 conversum
964 2063 999 2123 de
1027 2063 1152 2138 vilario,

115 2153 213 2208 vinun
244 2154 392 2223 sanctum,
425 2149 460 2208 de
489 2168 546 2226 quo
578 2151 753 2210 dictumest
784 2154 814 2209 in
835 2147 949 2227 ’quarta
975 2151 1153 2209 distinctione

116 2235 245 2313 capitulo
267 2237 409 2296 tricesimo
440 2239 545 2312 primo,
575 2246 605 2298 et
625 2238 789 2298 ,Iohannem
811 2237 984 2298 monachum
1006 2237 1042 2296 de
1064 2236 1153 2295 Clau·

115 2329 195 2398 stro,
222 2324 272 2398 qni
292 2322 387 2382 adhuc
408 2331 545 2399 superest.
587 2324 791 2386 NOVICIUS:
819 2324 895 2401 Quid
922 2331 968 2403 ⁴est
989 2322 1067 2399 quod
1081 2333 1153 2382 'ma-

114 2412 210 2470 iorem
239 2411 269 2467 in
293 2409 455 2469 huiusmodi
475 2411 695 2472 revelationibus
717 2415 838 2488 gratiam
864 2411 995 2470 videmus
1028 2409 1154 2485 impendi

115 2497 319 2574 peecatoribus
341 2503 369 2556 ct
389 2496 476 2573 lapsis
497 2505 563 2573 post
583 2501 797 2575 poenitentiam,
817 2515 904 2574 quam
925 2499 970 2557 his
992 2500 1042 2572 qni
1068 2500 1153 2554 inno-

116 2585 553 2644 centiamsuamservaverunt?
582 2585 815 2646 MONAOHUS:
837 2583 894 2645 Ubi
911 2583 1155 2661 superabundavit

116 2669 269 2742 delictum,
290 2671 330 2729 ibi
350 2670 511 2746 frequenter
532 2673 745 2748 superabundat
767 2669 948 2751 agrarian).
985 2671 1025 2729 Et
1045 2671 1077 2729 fit
1098 2670 1155 2728 hcc

115 2773 156 2816 ex
176 2755 313 2814 ineffabili
344 2758 536 2818 misericordia
562 2759 633 2834 Dei,
654 2777 691 2819 ne
713 2759 845 2819 videlicet
867 2755 924 2838 etl)
945 2758 1019 2833 lapsi
1040 2761 1155 2832 propter

115 2849 242 2920 peccata
256 2844 406 2902 commissa
417 2844 574 2921 desperent,
596 2853 625 2906 et
644 2865 680 2906 ne
691 2849 855 2906 innocentes
870 2846 905 2906 de
928 2861 981 2903 sna
993 2845 1155 2902 innocentia

116 2929 328 3009 superbienti).
354 2929 478 2990 Sedente
494 2950 541 2992 me
562 2940 690 3009 tempore
701 2934 826 3010 quodam
838 2935 867 2990 in
885 2938 1029 2991 conventu
1046 2931 1155 2990 sancti·

116 3015 287 3075 monialium
307 3015 412 3076 ordinis
440 3021 543 3092 nostri,
576 3038 642 3079 cnm
663 3020 699 3080 de
720 3018 883 3080 huiusmodi
903 3019 1061 3077 visionibus
1084 3033 1155 3076 con-

116 3102 272 3177 tenemus,
294 3099 363 3162 una*
376 3119 411 3162 ex
430 3106 588 3182 virginibus
618 3107 687 3166 dixit
709 3106 825 3166 adme:
848 3105 953 3166 Videte
976 3105 1053 3180 qnod
1074 3103 1156 3162 Dens

116 3189 227 3249 talibus
258 3195 369 3250 secreta
400 3207 452 3250 sua
473 3193 595 3268 revelat,
629 3200 658 3253 et
678 3211 736 3252 non
757 3193 854 3269 nobis,
883 3210 971 3252 unam
993 3192 1080 3269 digito
1103 3190 1156 3250 de·

116 3282 298 3352 monstrans,
330 3294 417 3352 quam
442 3295 501 3338 non
521 3282 660 3358 virginem
680 3282 793 3339 venisse
815 3280 853 3339 ad
875 3279 1002 3341 ordinem
1024 3280 1156 3354 suspica-

117 3363 207 3423 batur
220 3359 258 3443 ¹⁰).
302 3361 356 3422 Cui
388 3381 442 3441 ego
473 3367 606 3443 respondi
628 3367 783 3444 quodiam
804 3385 891 3443 supra
912 3367 983 3442 dixi,
1005 3366 1060 3425 hoc
1081 3363 1156 3424 adii·

137 3515 169 3584 1)
187 3513 227 3566 GP
244 3515 367 3582 ci.-2]
389 3515 697 3584 breuioribus-3)
715 3518 799 3572 ACDP
816 3517 958 3587 gloriam.
974 3547 1005 3558 -
1020 3517 1053 3585 4)
1072 3513 1156 3568 ACDP

190 3585 299 3650 animi;
321 3587 359 3636 sie
375 3593 401 3636 ct
418 3587 491 3638 inira.
516 3618 545 3628 -
565 3589 597 3656 5)
615 3589 699 3641 ACDP
717 3588 755 3640 ad
778 3588 943 3640 modicum.
962 3615 993 3626 —
1017 3589 1048 3654 6)
1068 3587 1087 3640 G
1104 3584 1156 3636 ob-

191 3655 281 3706 viarn.
299 3685 329 3696 —
357 3657 388 3722 7)
406 3656 476 3708 Rom.
496 3659 526 3721 5,
544 3658 585 3710 20.
605 3689 634 3698 -
662 3659 693 3726 8)
712 3667 743 3710 et
766 3657 815 3708 add
834 3657 862 3708 Β.
882 3685 912 3695 -
933 3657 964 3723 9)
982 3655 1021 3708 GP
1045 3669 1157 3719 super-

190 3721 285 3776 biant
307 3725 505 3778 innocentia.
525 3756 555 3766 -
581 3727 629 3794 10)
651 3727 670 3778 Β
694 3730 930 3794 suspicaverat.
965 3723 1053 3775 llomil.
1071 3723 1111 3773 lV.
1130 3736 1156 3785 p.

145 3795 154 3812 '
191 3791 256 3844 1142
275 3793 383 3859 ,Audivi
401 3795 523 3863 quandam
542 3797 754 3848 sanctimonialem
773 3795 805 3846 do
828 3807 914 3845 sorore
931 3807 977 3842 sua
994 3807 1050 3840 curn
1068 3790 1157 3839 Phari·

192 3877 252 3914 aneo
264 3863 406 3917 huiusmodi
423 3865 507 3918 verbis
520 3875 728 3934 conquerentem:
746 3865 794 3928 En,
810 3864 901 3930 inquit,
918 3862 975 3922 ista,
992 3857 1071 3923 digito
1089 3856 1154 3907 iilam
