2524 4252
711 37 726 82 l

331 262 391 323 Du:
407 261 588 324 musmo
609 261 874 326 MORTUORUM.
1053 265 1115 324 345

91 391 191 445 terram
217 391 296 445 stans
324 386 406 446 iuxta
432 402 478 444 me
505 388 666 461 prostravit
715 386 810 446 Finita
837 402 905 446 vero
934 384 1055 446 collecta
1084 403 1116 447 se
1225 383 1232 393 '

90 473 212 548 erigens,
243 473 322 532 abiit.
363 472 446 531 Haec
466 472 520 531 fuit
540 490 628 532 causa
649 473 771 532 horroris
793 475 857 532 mei.
898 470 1058 532 Abbatissa
1077 473 1117 531 ti-

89 575 166 618 mens
186 559 332 618 illusiones
342 557 507 633 diabolicas,
527 562 568 618 ait
588 559 713 635 puellae:
735 559 1003 635 SororMargareta,
1023 559 1117 619 hocei
1200 618 1207 629 Ι

89 661 188 704 nomen
211 652 287 721 erat,
315 648 340 704 si
362 645 455 704 denuo
477 649 586 704 venerit
607 645 644 705 ad
666 653 694 706 te
716 663 796 705 soror
818 645 980 720 Gertrudis,
1009 645 1053 706 dic
1076 647 1116 722 ei,

87 729 265 808 Benedicite;
295 737 323 791 et
349 735 374 792 si
395 732 572 808 responderit
592 733 658 807 tibi,
686 733 843 807 Dominus,
869 735 1013 809 interroga
1040 732 1117 793 rmde

87 821 189 894 veniat,
208 819 258 878 vel
279 819 346 894 quid
368 825 494 894 quaerat.
536 819 673 894 Sequenti
705 819 750 879 die
770 823 873 878 iterum
894 819 942 878 illa
963 822 1056 896 venit,
1089 826 1117 879 et

87 904 208 964 salutata
229 923 295 966 cum
316 906 523 983 respondisset,
551 903 709 981 Dominus,
729 906 825 982 puella
846 907 1005 965 subiunxit:
1032 905 1117 967 Bona

85 1009 164 1052 soror
184 990 350 1066 Gertrndis,
379 992 456 1052 unde
484 993 534 1051 tali
561 992 632 1052 hora
660 996 755 1068 venis,
785 993 835 1052 vel
862 991 931 1068 quid
959 990 1036 1068 apud
1063 1008 1116 1053 nos

85 1077 218 1153 quaeris?
260 1079 421 1155 Respondit
440 1079 503 1138 illa:
533 1077 581 1136 Ad
602 1079 824 1140 satisfactionem
844 1079 902 1138 huc
923 1081 997 1139 veni.
1041 1078 1117 1156 Quia

84 1165 204 1226 libenter
224 1171 319 1226 tecum
340 1169 370 1224 in
392 1166 477 1224 choro
500 1168 652 1241 susunavt,
674 1166 830 1242 semiplena
851 1167 940 1226 verba
962 1165 1116 1242 proferens,

83 1251 187 1312 idcirco
210 1255 239 1310 in
260 1253 362 1312 eodem
382 1253 447 1311 loco
469 1254 546 1311 iussa
567 1270 630 1311 sum
652 1253 829 1328 satisfacere,
860 1254 911 1312 ubi
932 1270 978 1312 me
1001 1255 1119 1331 contigit

82 1355 211 1414 peccare.
253 1339 290 1398 Et
317 1341 371 1398 nisi
398 1341 449 1399 tibi
478 1339 513 1398 de
541 1338 643 1398 eodem
664 1342 733 1399 vitio
756 1357 874 1415 caveas,
903 1339 1024 1400 eandem
1043 1356 1116 1416 poe-

81 1443 148 1485 nam
176 1427 314 1485 moriens*
328 1427 489 1486 sustinebis.
533 1424 605 1485 Gom
635 1433 736 1501 quarta
764 1429 827 1486 vice
855 1426 1001 1502 praedicto
1030 1426 1117 1488 modo

82 1513 280 1588 satisfecisset,
308 1514 348 1571 ait
377 1515 534 1573 consorori:
562 1512 652 1572 Modo
674 1513 896 1594 satisfactionem
918 1530 1013 1572 meam
1035 1531 1116 1574 com·

81 1599 174 1679 plevi3
197 1598 232 1659 de
255 1605 348 1659 cetero
370 1617 428 1658 non
449 1617 496 1658 me
516 1598 637 1658 videbis.
666 1598 751 1676 Quod
771 1601 812 1657 ita
832 1599 938 1658 facmm
961 1607 1012 1658 est
1040 1601 1116 1660 Nam

82 1703 116 1746 ea
138 1688 293 1762 aspiciente
314 1684 451 1745 tendebat
472 1703 571 1744 versus
593 1687 768 1760 cimiterium,
789 1686 911 1745 mirabili
924 1688 1028 1746 virtute
1049 1705 1115 1746 mu·

80 1791 143 1832 rum
156 1775 218 1832 eius
228 1772 439 1832 transcendens.
459 1773 536 1832 Eece
548 1772 605 1831 tale
619 1772 672 1832 fuit
684 1775 880 1849 purgatorium
894 1773 978 1831 huius
993 1775 1116 1850 virginis.

80 1857 288 1948 NOVIGIUS3
307 1859 372 1918 Non
386 1866 430 1919 est
444 1877 531 1918 sanae
545 1861 648 1918 mentis
661 1862 709 1934 qui
723 1860 884 1919 huiusmodi
898 1860 1021 1934 poenam
1040 1863 1116 1920 omni

80 1962 177 2023 poena
198 1945 283 2006 huius
304 1947 403 2005 mundi
417 1947 517 2005 dixerit
534 1949 698 2006 acutiorem.
740 1945 974 2006 MONAGHUS:
996 1948 1042 2008 De
1059 1946 1115 2008 hoc

80 2033 194 2110 plenius
214 2035 244 2091 in
265 2035 394 2108 sequenti
416 2032 540 2109 capitulo
563 2032 761 2108 disputabitur.
803 2033 968 2110 Margareta
988 2051 1058 2094 vero
1080 2053 1115 2094 ex

80 2118 302 2182 comminatione
312 2117 330 2199 ¹)
352 2119 722 2195 defunetaesicterritaest,
743 2119 974 2179 utinfirmataad
989 2128 1131 2192 extrema,

80 2206 238 2268 deveniret.
271 2205 352 2282 Quae
366 2213 449 2282 rapta
469 2209 498 2266 in
511 2222 661 2266 excessum
682 2209 793 2282 mentis,
807 2209 953 2281 sieiacuit,
975 2215 1006 2266 ut
1020 2211 1114 2267 omni-

79 2293 137 2354 hus
161 2292 294 2352 defuncta
307 2292 459 2352 videretur.
487 2293 558 2352 Post
571 2293 671 2352 horam
683 2309 807 2368 reversa,
829 2293 967 2368 quasdam
983 2310 1018 2354 ex
1031 2311 1114 2356 soro·

78 2381 161 2440 ribus
183 2381 211 2437 in
225 2382 387 2454 praesentia
397 2380 538 2439 Dominae
553 2386 667 2439 nostrae
678 2397 709 2439 se
720 2378 833 2455 vidisse,
855 2381 995 2456 quasdam
1009 2399 1040 2441 se
1057 2381 1113 2442 illio

77 2483 140 2526 non
161 2466 266 2526 vidisse
287 2472 392 2526 testata
413 2473 464 2526 est.
506 2467 631 2547 Dicebat
659 2469 745 2526 etiam
774 2469 841 2542 quia
869 2467 970 2526 eadem
990 2469 1115 2545 gloriosa

77 2555 173 2629 Virgo
183 2552 277 2612 Maria
298 2570 432 2612 eoronam
453 2556 481 2611 in
503 2569 590 2611 manu
605 2553 731 2628 haberet,
753 2553 1003 2630 quamStepponis
1016 2573 1114 2616 sacer-

78 2639 157 2700 dotis
180 2657 243 2699 esse
258 2639 380 2698 dicebat.
406 2640 488 2700 ldem
502 2639 610 2715 Steppo
632 2640 782 2717 presbyter
799 2639 890 2700 fuerat
898 2637 919 2720 ²)
940 2641 1026 2701 valde
1046 2642 1114 2703 reli-
1201 2686 1207 2698 ,

76 2729 180 2805 giosus
201 2733 230 2786 et
250 2728 320 2784 mire
342 2728 513 2800 cantativus,
534 2729 562 2784 in
585 2726 686 2786 eodem
707 2733 804 2786 monte
817 2726 882 2786 Deo
903 2728 1113 2804 praedictisque

76 2815 227 2875 sororibus
239 2815 375 2872 serviens.
416 2813 456 2874 Ut
469 2819 567 2872 autem
586 2816 699 2873 noveris
720 2830 778 2873 nou
792 2830 855 2872 esse
869 2814 1025 2874 curandum
1039 2833 1114 2891 qua-

77 2916 195 2975 cunque
217 2906 308 2959 morte
320 2902 412 2959 iustus
425 2903 569 2974 moriatur,
589 2900 664 2959 idem
675 2899 784 2977 Steppo
797 2917 863 2959 cum
874 2902 903 2958 in
925 2904 1015 2961 acutb
1028 2902 1113 2962 labo·

76 2993 158 3048 raret
179 3003 253 3046 anno
271 2988 431 3062 praeterito,
452 2989 570 3046 materia
592 2992 674 3062 rapta
694 2990 723 3044 in
745 2988 903 3062 cerebrum,
922 2993 1000 3046 totus
1020 2989 1117 3050 factus

76 3081 124 3137 est
137 3071 329 3150 phreneticus,
349 3075 431 3132 itaut
451 3073 556 3132 multas
577 3073 768 3149 blasphemias
789 3081 942 3134 evomeret
969 3075 1113 3138 Defuncto

76 3179 114 3223 eo
138 3166 226 3235 atque
247 3159 369 3235 sepulto,
389 3161 530 3219 Dominus
551 3163 652 3220 merita
673 3162 734 3219 eius
754 3159 854 3219 volens
879 3160 1037 3240 ostendere,
1057 3165 1113 3222 mi·

75 3247 179 3308 racula
206 3246 244 3305 ed
272 3249 332 3305 eius
359 3243 489 3312 tumbam
511 3245 644 3323 dignatus
665 3253 709 3307 est
729 3249 848 3322 operari.
890 3247 1012 3325 Infirmi,
1041 3253 1114 3310 sicut

75 3333 188 3408 audivi,
210 3350 295 3409 super
316 3331 424 3413 illam³)
447 3332 596 3409 dormiunt,
618 3339 648 3392 et
667 3335 729 3392 sani
750 3339 879 3410 surgunt.
910 3333 1111 3398 NOVIOIUS:

74 3423 165 3482 Nunc
193 3419 332 3480 edisseras
363 3438 437 3496 quae
464 3421 578 3480 residua
606 3426 673 3480 sunt
700 3419 736 3480 de
764 3423 938 3498 purgatorio.
980 3422 1114 3482 MONA·

75 3505 201 3570 CHUS:
223 3505 403 3583 Quibusdam
424 3508 486 3567 sola
507 3509 633 3567 carentia
654 3507 768 3568 divinae
781 3510 898 3568 visionis
919 3511 1113 3587 purgatorium

76 3601 133 3670 est,
154 3595 228 3654 sicut
248 3595 278 3652 in
298 3593 355 3654 hoc
375 3599 457 3670 patet
477 3593 616 3670 exemplo

94 3766 129 3836 l)
147 3762 171 3818 B
189 3763 455 3830 commonitione,
478 3761 521 3816 CF
545 3764 803 3816 continuatione.
823 3793 854 3806 -
872 3765 905 3834 2)
931 3764 972 3818 ΕΡ
988 3763 1059 3818 luit.
1079 3795 1110 3810 -

149 3831 280 3902 aponus
298 3831 389 3887 suus

775 3901 854 3980 15*
