2506 4254
179 271 241 332 282
329 285 331 294 ’
492 198 718 332 ΒΙΒΤῙΝΟΤΙὲ)
743 269 902 330 DEGIMA

179 381 283 453 Justus
316 400 359 453 est
386 391 537 452 Dominus.
585 392 822 454 MONACHUS:
854 393 903 453 Ad
934 392 1069 454 honorem
1092 392 1187 454 Domiti

178 479 345 556 Salvatoris,
367 479 403 539 de
426 482 487 540 eius
507 497 590 540 sacra
611 483 734 558 imagine
756 481 854 558 aliqua
873 482 1042 542 subnectam
1059 479 1187 556 miratum

181 566 283 627 duodo
304 569 418 628 venum
439 566 477 626 ad
498 568 647 628 elementa.

526 756 758 819 ommutuit
778 757 867 818 aure
977 730 982 746 ‘

265 881 313 940 De
333 881 472 958 musico
494 881 577 958 opud
596 887 732 940 eoactum
755 877 884 940 Goarcm
904 873 1070 956 cumulato,
1092 881 1123 940 de

451 983 454 989 ’
538 985 597 1044 quo
618 969 740 1044 scopate
762 969 859 1028 estoit

244 1087 386 1165 Tempore
407 1088 565 1149 discordiae
585 1090 658 1148 inter
680 1086 816 1149 Ottonem
837 1094 867 1148 et
886 1087 1066 1166 Philippum,
1095 1091 1187 1148 incra·

179 1176 284 1234 tarium
312 1177 403 1236 sancti
426 1174 528 1235 Goaris
551 1175 727 1236 Confessoris
756 1177 833 1252 quod
855 1177 944 1235 situm'
963 1183 1009 1235 est
1028 1177 1058 1234 in
1078 1175 1188 1236 territorio

177 1260 360 1338 Treverensi,
391 1266 420 1321 et
441 1270 485 1322 est
505 1263 711 1338 firmissimum,
740 1269 801 1321 turn
822 1270 938 1340 propter
958 1265 1045 1322 situm
1065 1263 1128 1338 loci,
1145 1268 1188 1320 tun

177 1353 293 1424 propter
313 1354 494 1426 structuram,
514 1349 703 1425 provinciales
724 1367 756 1410 se
777 1367 887 1426 suaque
900 1351 1109 1410 transtulerunt.
1140 1347 1187 1424 Quo

178 1436 292 1511 cognito
315 1435 470 1495 Warnerus
500 1436 535 1496 de
557 1436 696 1512 Benlant,
723 1439 768 1495 vir
795 1444 899 1514 potens
920 1441 950 1496 et
970 1435 1065 1512 dives,
1091 1453 1145 1496 cun
1161 1430 1188 1492 ad

178 1521 400 1598 expugnandum
413 1522 483 1582 illud
494 1527 607 1597 arietes,
620 1523 825 1599 machinasque
838 1523 1031 1600 applicuisset,
1050 1541 1103 1584 nec
1115 1529 1187 1582 umen

103 1652 106 1660 r
177 1609 358 1686 profecisset,
386 1612 537 1686 imaginem
566 1610 692 1670 crucifixi
720 1611 844 1686 ligneam
865 1609 895 1668 hi
923 1613 974 1686 qui
1002 1610 1111 1671 deintrrs
1129 1611 1188 1668 erant

95 1737 100 1745 ·
178 1702 277 1756 aonha
290 1695 387 1757 hostes
408 1698 437 1755 in
452 1696 597 1772 quandam
611 1697 764 1757 fenestram
785 1703 949 1773 posuerunt,
968 1705 1114 1774 sperantes
1131 1691 1187 1772 quod

177 1784 216 1842 ob
236 1782 311 1842 illius
325 1785 537 1844 venerationem
547 1781 564 1863 ¹)
585 1783 649 1843 loco
663 1791 821 1860 parcerent
864 1784 988 1860 Quidem
1002 1802 1070 1845 vero
1089 1803 1120 1844 ex
1137 1780 1187 1842 hd-

179 1869 293 1930 listariis
321 1869 357 1930 de
385 1888 469 1930 cruce
497 1887 555 1942 non
584 1888 703 1947 curans,
731 1873 789 1930 imo
818 1871 922 1930 locanti
950 1871 1030 1930 illam
1050 1871 1187 1948 indignans,
1232 1887 1233 1902 ¹

99 1948 103 1954 ’
180 1955 269 2016 telum
290 1959 374 2032 misit,
395 1962 425 2018 et
444 1975 555 2016 sacram
575 1975 699 2035 ycouam
720 1960 749 2016 in
763 1958 880 2018 hrachio
901 1958 1042 2033 profunde
1063 1961 1125 2020 satis
1139 1953 1187 2014 sul·

180 2045 300 2102 neravit
340 2043 412 2102 Mox
432 2047 535 2104 mirum
556 2046 585 2104 in
606 2044 723 2104 medum
745 2047 862 2120 antiqua
882 2052 1056 2106 renovantur
1070 2041 1187 2114 mnam,

181 2136 210 2190 et
231 2129 269 2188 ad
290 2132 378 2190 instar
399 2147 491 2192 venae
512 2131 669 2206 humanae,
693 2134 810 2208 sanguis
831 2132 867 2192 de
889 2131 953 2192 loco
975 2132 1098 2193 vulneris
1117 2129 1187 2204 coepit

181 2217 297 2278 stillare.
339 2218 454 2278 Timore
482 2220 554 2278 tanti
582 2217 711 2278 miraculi
738 2225 844 2296 postea
868 2219 1031 2294 praedictus
1059 2219 1186 2280 Wurueru

181 2321 266 2364 cruce
288 2307 416 2382 signatus
438 2311 490 2364 est
531 2304 661 2364 Audiens
691 2313 771 2366 tanta
791 2305 931 2365 mirabilia
951 2306 1082 2366 dominus
1100 2302 1186 2376 Philip·
1231 2319 1232 2362 t

177 2408 235 2466 pus
256 2390 359 2452 Abhas
382 2390 620 2469 Ottirburgensis,
648 2391 743 2452 locum
764 2392 849 2468 adiit,
870 2391 906 2453 de
927 2395 968 2452 rai
981 2395 1097 2452 veritate
1114 2387 1186 2465 inqui·

178 2479 254 2536 sivit
298 2477 351 2537 Cui
372 2496 437 2538 cum
458 2479 497 2538 ab
521 2479 651 2539 omnihus
672 2479 729 2539 hoc
751 2479 829 2554 quod
842 2479 1020 2554 praedictum
1041 2486 1083 2540 est
1101 2478 1185 2536 dicere-

178 2571 241 2638 tur,
258 2563 391 2624 Judaeus
411 2569 463 2649 qui
482 2571 550 2626 tunc
572 2583 642 2624 casu
664 2567 752 2640 afluit,
773 2565 920 2626 Ahhatem
940 2567 969 2625 iu
990 2573 1098 2642 partam
1116 2562 1186 2630 emt

179 2650 291 2712 dicens:
313 2652 390 2712 Vere
412 2651 533 2726 domine,
554 2655 733 2712 verissimum
755 2661 798 2712 est
819 2653 897 2728 quod
914 2653 1042 2714 audistis.
1081 2651 1116 2710 Et
1132 2651 1185 2708 siud
1230 2723 1231 2732 ἵ

177 2741 240 2814 ipsc
267 2739 336 2798 mihi
363 2739 473 2814 retulit,
504 2739 594 2798 multo
623 2739 745 2816 amplius
772 2739 969 2800 delectabatur
995 2743 1025 2800 in
1053 2735 1184 2799 auunculo
1230 2747 1231 2792 l

177 2827 290 2886 inimici.
333 2824 439 2886 Adhuc
468 2825 556 2886 telurn
583 2826 623 2884 ihi
649 2833 822 2902 reservatur,
852 2826 948 2886 adhuc
969 2827 1071 2886 vulnus
1091 2831 1117 2884 et
1132 2838 1183 2882 sao·

176 2914 271 2988 gennis
291 2915 426 2990 stigmata
446 2912 503 2974 illic
525 2913 720 2972 ostenduntur.
763 2912 923 2990 Utrumque
942 2913 1044 2974 Abbas
1063 2919 1147 2972 nuder
1161 2921 1183 2964 at

178 2999 283 3058 malisse
305 3007 432 3060 testatur.

524 3189 756 3251 cAPIuULUM
788 3190 864 3250 XX.

332 3309 408 3370 Item
429 3313 464 3371 dc
485 3329 570 3372 cruce
591 3311 728 3372 lanceata
749 3313 798 3372 cui
818 3313 909 3372 simile
929 3315 1055 3390 contiplt.

243 3429 326 3490 Circa
346 3429 421 3490 idem
442 3438 555 3510 tempus
578 3432 646 3494 Otto
670 3441 768 3494 contra
781 3433 945 3510 Philippum
967 3430 1116 3494 ascendens
1133 3439 1181 3486 cum

178 3520 318 3592 exercitu,
346 3536 442 3594 usque·
465 3516 662 3600 Wiuinburgs)
691 3523 828 3598 pervenit
871 3520 929 3581 Ubi
957 3519 1115 3580 satellitibus
1137 3513 1181 3571 dus
1228 3533 1229 3610 ,

176 3603 322 3682 quandam
353 3606 503 3666 ecclesiam
533 3609 718 3684 intrantibus,
749 3625 823 3667 unus
845 3625 881 3666 ex
907 3603 963 3668 illis
991 3597 1180 3668 eandmund

177 3695 311 3753 etninenti
331 3692 395 3752 loco
416 3696 550 3770 positum,
570 3697 669 3754 tunica
688 3694 764 3755 linea
786 3701 815 3756 et
835 3711 902 3754 cum
922 3695 1013 3756 multo
1026 3691 1112 3754 undio
1126 3701 1179 3746 con·

195 3843 265 3914 1)Β
282 3845 509 3896 reverentiam.
529 3873 559 3884 -
579 3843 611 3913 2)
626 3843 647 3896 l)
665 3843 895 3914 Wiseuburgh,
911 3843 979 3898 Bou
996 3838 1177 3898 wirzinburg·
