2524 4252
266 45 287 86 ι’

183 235 245 294 ato
451 231 682 296 pisoniano
703 231 946 296 uuooncma

182 371 274 432 usque
303 353 342 414 ad
363 351 439 414 diem
459 352 564 418 ludicii.
607 355 722 432 Quanta
742 373 811 417 vero
839 359 877 417 sit
896 358 993 416 lutura
1012 356 1101 434 glor'u
1117 359 1193 418 horr·

181 459 252 517 rum,
273 441 334 502 sire
355 457 451 518 pocus
472 441 620 518 malorum,
642 443 746 520 quibus
766 445 854 504 etiarn
874 445 1017 522 mtiragfis
1035 447 1123 504 invni
1136 461 1193 521 por·

180 529 238 590 sint
258 527 289 588 hi
310 530 359 608 qui
379 529 409 588 in
430 531 530 605 poenis
552 537 618 590 sunt
638 533 823 608 purgatoriis,
849 538 879 590 ct
907 534 932 590 si
952 551 1012 591 non
1032 531 1112 608 plane
1130 529 1193 608 prm

180 631 296 694 prorsus
318 621 361 676 est
381 615 572 692 impossibile,
601 633 637 678 ex
657 615 702 678 his
723 623 821 678 tamen
841 635 917 692 qnae
936 625 1094 694 sepum
1111 633 1192 680 ern-

179 701 234 779 plis
261 704 372 762 maiora
398 705 505 778 poteris
533 703 717 781 perpendere.
759 702 961 764 NOVIOIUS:
990 705 1114 764 Primum
1137 705 1192 764 mhi

179 789 314 851 ostendas
335 795 477 849 tormenta
497 791 690 867 reproborum,
713 790 814 853 deinde
835 809 944 867 poenas
963 795 1134 868 purgatorias
1147 793 1191 850 bo·

179 892 290 951 norum,
311 877 463 935 novissime
486 874 605 952 gloriam
627 883 656 938 et
676 876 812 954 gandium
832 879 980 952 iustorum,
1001 885 1035 936 ut
1054 881 1191 937 siccome

180 962 292 1024 cubatio
315 980 380 1022 cum
400 960 508 1021 laetitia
529 962 652 1022 finiatur.
687 961 923 1024 MONACHUS:
945 965 1060 1040 Quanta
1079 966 1190 1024 sinitur-

179 1055 276 1110 menta
296 1055 488 1125 tyrannorum,
511 1056 683 1126 exactorum,
704 1053 911 1124 usurariorum,
932 1049 1133 1124 adulterorum,
1150 1067 1190 1108 su·

178 1137 346 1212 perborum,
374 1137 435 1194 sive
464 1134 585 1196 aliorum
614 1139 663 1213 qui
690 1140 815 1214 gravitffl
835 1138 932 1198 Deum
961 1139 1133 1198 ollurdcrnnt
1148 1153 1190 1195 noc

177 1225 385 1298 poenituerunt,
406 1221 564 1282 secundum
586 1224 665 1299 qnod
685 1243 704 1284 a
724 1224 862 1302 religiosis
885 1225 970 1284 didici
987 1227 1120 1302 personis,
1138 1225 1191 1300 qui-

177 1309 299 1370 busdam
321 1308 373 1370 tibi
392 1308 519 1384 pandam
540 1309 688 1387 exemplis.

542 1517 775 1578 CAPITULUM
810 1519 850 1578 Π.

421 1637 469 1698 Dc
485 1655 587 1714 poena
608 1639 756 1700 Lodewici
776 1639 964 1716 Lautpruoii.
1015 1675 1020 1684 ·

239 1759 408 1822 Lodewicns
437 1759 628 1837 Lantgravius
656 1763 798 1821 morimur
827 1767 964 1839 tyrannus
990 1761 1059 1836 init,
1087 1761 1121 1821 de
1144 1775 1189 1836 qno

175 1865 261 1926 supra
283 1846 390 1907 dictum
412 1854 456 1907 est
476 1846 697 1909 indistinctione
718 1850 809 1924 prima
823 1848 947 1924 capitulo
960 1851 1101 1908 tricesimo
1117 1864 1189 1924 quar·

174 1941 214 1995 to.
257 1933 313 1994 Hic
343 1950 408 1993 cum
435 1937 588 1994 moriturus
611 1941 700 2010 esset,
729 1938 874 2011 praecepit
893 1937 992 1994 amicis
1014 1937 1073 1994 suis
1093 1935 1188 1994 dicenu

174 2020 244 2082 Mox
265 2026 297 2080 ut
318 2026 447 2079 mortuus
467 2021 556 2096 luero,
578 2021 718 2080 cucullam
741 2021 845 2082 ordinis
863 2021 1056 2094 cisterciensis
1076 2021 1140 2082 mihi
1153 2023 1188 2078 in-

174 2107 261 2184 duite,
282 2113 311 2166 et
331 2123 367 2166 ne
388 2106 444 2167 hoc
464 2106 514 2166 fiat
535 2125 582 2168 me
603 2109 717 2168 vivente
740 2108 951 2186 diligentissime
974 2115 1084 2168 cavete.
1123 2105 1188 2166 Obe

174 2195 286 2256 dierunt
306 2193 359 2270 llli3
386 2199 514 2253 mortuus
537 2201 580 2254 est
602 2200 630 2254 et
652 2195 818 2254 cucullatus.
861 2195 946 2271 Quod
967 2197 1018 2255 ubi
1038 2195 1116 2254 milas
1135 2193 1187 2267 qni·

174 2281 241 2342 dam
269 2281 354 2354 vidit,
384 2281 588 2340 commilitones
617 2284 733 2358 yronice
762 2281 903 2342 allocutus
924 2288 968 2342 est
989 2283 1099 2342 dicens:
1124 2279 1187 2340 Vero

172 2385 230 2428 non
258 2373 303 2428 est
331 2368 428 2427 similis
451 2367 564 2427 domino
587 2384 651 2428 meo
673 2370 703 2427 in
726 2372 803 2428 omni
825 2371 936 2428 virtute.
978 2368 1100 2444 Quando
1120 2364 1186 2425 miles

172 2460 248 2529 erat,
283 2470 341 2513 non
373 2453 474 2514 hahuit
505 2473 604 2531 parem
635 2457 664 2513 in
697 2457 808 2514 actibus
840 2455 972 2529 militiae3
1011 2455 1101 2514 lactus
1130 2467 1186 2511 raro

173 2539 347 2613 monachus,
387 2542 517 2601 omnibus
552 2542 644 2600 iactus
678 2549 721 2600 est
751 2542 842 2601 forma
877 2541 1051 2617 discipliuae.
1100 2537 1186 2600 Videte

173 2645 260 2706 quarn
284 2627 431 2705 diligenter
453 2627 576 2688 custodit
596 2627 738 2687 silentium
760 2646 852 2688 suum.
893 2629 954 2687 Nec
974 2646 1065 2687 unum
1089 2624 1185 2702 quidem

173 2717 291 2776 verbum
323 2715 456 2790 loquitur.
498 2713 605 2774 Anima
633 2732 702 2774 uero
732 2717 792 2774 eius
820 2731 886 2773 cum
915 2713 1020 2773 educta
1047 2715 1140 2773 luisset
1157 2709 1184 2766 dc

171 2819 304 2879 corpore,
334 2803 453 2878 principi
475 2799 689 2862 daemoniorum
709 2807 889 2876 praesentata
911 2807 966 2876 est,
987 2803 1070 2860 sicuti
1089 2796 1183 2859 cuidam

172 2889 399 2948 manifestissime
428 2887 586 2948 revelatum
608 2894 659 2948 est
701 2887 825 2947 Sedente
847 2885 947 2946 eodem
968 2881 1125 2964 tartanco¹l
1143 2898 1183 2941 su-

172 2991 224 3050 per
245 2981 379 3051 puteum,
408 2981 437 3034 et
458 2975 599 3051 scyphum
621 2992 708 3034 manu
716 2970 737 3054 ²)
758 2979 887 3047 tenente,
918 2972 1080 3032 huiusmodi
1105 2968 1183 3029 verbis

169 3059 376 3135 Lantgraviunr
410 3061 559 3121 salutavit:
598 3063 776 3121 Beneveniat
809 3060 927 3119 dilectus
955 3063 1065 3120 amicus
1090 3061 1182 3124 nostru

170 3144 310 3242 ostendite
331 3146 371 3205 illi
392 3147 512 3208 triclinia
539 3153 651 3223 nostra,
677 3147 833 3222 apothecas
853 3154 981 3220 nostras,
1012 3145 1121 3206 cellaria
1137 3155 1182 3200 uo·

169 3239 236 3305 stra,
257 3232 355 3306 sicque
370 3250 436 3292 enm
449 3235 584 3296 reducito.
617 3234 749 3294 Deducta
770 3236 872 3294 misero
895 3232 932 3292 ad
953 3233 1019 3292 loca
1037 3241 1182 3309 poenarfflssr

168 3321 197 3379 iu
219 3318 323 3393 quibus
345 3318 414 3377 nihil
435 3320 512 3379 alind
535 3328 595 3380 erat
616 3320 822 3396 nisiplanctus,
844 3320 937 3394 fletus,
960 3325 988 3378 et
1006 3319 1105 3378 stridor
1122 3313 1181 3373 dcu-

168 3407 255 3480 tium,
277 3411 306 3462 et
325 3403 460 3480 reducto,
482 3409 522 3465 sic
543 3410 674 3482 princeps
695 3409 851 3482 principem
873 3406 988 3466 affatur:
1014 3407 1085 3464 Bibe
1105 3401 1180 3462 amice

169 3491 204 3553 de
226 3490 335 3569 scypho
358 3505 432 3549 meo.
474 3491 556 3571 lllo³)
579 3492 663 3552 valde
679 3492 851 3567 reluctante,
867 3510 933 3552 cum
954 3491 1025 3551 nihil
1041 3489 1180 3569 proficeret

168 3581 224 3638 imo
247 3584 364 3639 coactus
378 3576 497 3650 biberet,
517 3579 633 3637 flamma
646 3578 800 3654 sulphurea
822 3580 857 3640 de
880 3579 978 3654 oculis,
999 3579 1117 3648 auribus,
1134 3586 1179 3630 11²·

185 3799 216 3865 r)
235 3797 276 3850 nn
295 3792 442 3848 tartareo.
462 3821 493 3828 -
512 3792 544 3860 a)
564 3793 604 3845 on
622 3796 652 3847 sn
670 3812 769 3848 mans.
789 3760 1105 3866 ..eperunt-010.
