2608 4252
428 307 483 368 Du
504 305 660 368 sanein
681 305 823 367 MARIA.
1107 306 1145 364 15

105 438 136 492 et
157 433 225 492 viae
246 437 360 490 nostrae
381 430 558 508 negligentiis
585 431 721 489 attentius
744 431 838 504 oravi,
865 429 929 502 ipsa
950 428 1036 486 beata
1057 425 1147 504 Virgo

106 519 203 578 Maria
224 517 295 576 mihi
315 534 465 594 apparens,
485 515 722 591 benedictionem,
743 534 831 591 quam
852 514 922 574 ordo
943 520 1041 573 noster
1063 530 1150 588 super

108 605 264 666 redeantes
292 603 328 663 de
355 607 404 664 via
425 604 518 663 dicere
541 606 702 678 consucvit,
732 620 817 678 super
845 618 893 660 mc
921 600 1048 663 deditin
1075 600 1149 660 baec

110 693 216 752 rerba:
240 689 426 766 Omnipotens
447 691 616 766 sempiterne
634 690 725 764 Deus,
745 692 879 749 miserere
892 688 959 746 lmic
973 687 1078 746 famulo
1092 693 1152 762 tuo,

111 785 140 840 et
173 777 308 854 quicquid
337 781 363 837 ei
390 780 419 836 in
447 779 496 836 via
525 779 666 854 subripuit
681 773 698 856 ¹)
727 780 806 836 visus
835 782 887 835 aut
914 773 1028 833 auditus
1056 772 1150 832 malae

110 868 153 926 rei
175 872 227 925 aut
247 866 330 924 otiosi
351 867 496 939 sermonis,
519 870 612 922 totum
633 863 767 923 ineffabili
787 864 893 938 pictate
914 861 1083 937 propitiatus
1104 862 1151 918 in-

112 951 215 1034 dulge,
246 969 298 1027 per
326 949 470 1010 Christum
492 951 648 1009 Dominum
676 956 812 1009 ncstmm.
855 949 937 1007 Haec
965 947 1034 1005 mihi
1061 946 1152 1006 relata

112 1046 222 1099 sunta
248 1038 372 1114 quodam
393 1037 509 1099 Abbate
531 1037 663 1114 religioso
687 1035 791 1096 ordinis
812 1037 915 1111 nostri,
943 1037 971 1092 in
994 1037 1074 1093 cuius
1098 1033 1152 1091 do-

112 1143 161 1185 mo
174 1122 195 1204 ²)
224 1125 300 1184 idem
321 1124 423 1186 Petrus
451 1127 564 1200 saepius
592 1125 726 1182 visitarit.
775 1123 820 1182 Ex
848 1121 1045 1182 benedictione
1076 1123 1151 1180 cuim

112 1212 266 1287 intellexit,
296 1229 360 1272 eam
387 1212 493 1271 ibidem
520 1211 607 1270 luisse
635 1216 795 1285 patronam.
838 1207 1039 1270 NOVICIUS:
1069 1207 1153 1266 Felix

113 1301 221 1373 oratic,
248 1315 299 1375 per
327 1316 414 1374 quam
442 1304 538 1357 tantae
566 1297 692 1374 Virginis
720 1302 843 1356 meretur
870 1295 1040 1356 benedictio.
1071 1292 1150 1353 Mu-

112 1385 288 1446 NACHUS:
309 1385 374 1445 Nou
394 1385 487 1444 solum
511 1391 633 1462 orantes,
653 1384 705 1444 scd
726 1390 755 1443 et
773 1383 927 1460 psallentes
957 1399 1010 1442 sua
1031 1381 1152 1442 benedi-

115 1476 209 1532 ctione
232 1472 371 1532 consolari
393 1475 549 1532 consuerit.
887 1463 895 1470 ’

448 1645 680 1706 carmenum
708 1639 821 1727 xmo)

110 1771 190 1830 Item
213 1769 248 1827 dc
269 1769 419 1828 monacbis
448 1777 537 1844 atque
566 1771 712 1828 conversio
732 1770 765 1826 to
785 1767 1018 1838 Hcmmcnrodc‚
1047 1767 1153 1842 quibat

203 1855 246 1914 ad
267 1857 381 1932 uigiliae
404 1855 556 1929 benedicit,
579 1857 710 1914 Hearico
732 1871 871 1914 converso
893 1857 1068 1929 inspiciente.

182 1977 326 2038 chricus
357 1994 509 2037 conversas
540 1979 570 2035 iu
602 1975 833 2050 Hcmmeurode,
867 1977 947 2034 cuius
979 1976 1095 2033 memini
1125 1977 1156 2033 in

116 2063 300 2124 distinctione
329 2066 428 2140 quinta
456 2063 578 2140 capitulo
608 2065 722 2138 quinto,
753 2062 874 2138 loquens
895 2061 931 2122 de
953 2060 1156 2136 daemonibus,

116 2154 242 2227 saepius,
264 2153 292 2209 iu
310 2151 544 2210 sollemnitatibus
565 2153 688 2210 maxime
695 2147 726 2230 ³),
746 2149 898 2226 gloriosam
912 2150 1062 2225 Virginem
1082 2150 1156 2207 inter

115 2233 273 2314 psallentes
300 2238 396 2298 videre
425 2240 581 2297 consuerit.
624 2237 707 2313 Quae
736 2243 820 2296 nocte
849 2235 987 2312 quadarn,
1019 2237 1082 2310 ipsc
1108 2237 1155 2293 in·

116 2332 232 2399 tuente,
255 2325 290 2384 de
311 2325 397 2384 choro
419 2323 625 2384 monachorum
646 2327 779 2398 veniens,
800 2323 857 2382 Dei
878 2323 968 2380 filium
990 2339 1026 2381 ex
1048 2339 1079 2381 se
1100 2338 1155 2380 na-

115 2419 180 2470 tum
206 2413 236 2470 in
263 2411 385 2471 brachiis
406 2417 538 2488 gestans,
567 2411 686 2470 chorum
714 2413 843 2486 ingressa
873 2416 916 2469 est
945 2424 1155 2468 conversorum.

116 2497 156 2557 Et
177 2507 257 2558 more
278 2496 402 2558 Abbatis
428 2499 529 2558 fratres
559 2497 708 2556 excitando
731 2499 883 2572 circuiens,
912 2502 978 2555 ante
1000 2495 1156 2571 quosdam,

117 2587 219 2660 quiin
242 2586 368 2644 oratione
396 2585 496 2662 vigiles
526 2591 607 2647 erant
629 2591 657 2644 ct
679 2584 790 2658 devoti,
818 2583 939 2660 gradum
960 2581 1036 2656 fixit,
1065 2581 1155 2640 filium

117 2674 160 2731 eis
174 2671 336 2746 ostendens,
356 2689 390 2731 ac
406 2673 586 2746 benedicens,
607 2671 752 2731 devotioni
764 2666 906 2750 illorum²)
923 2666 1155 2745 congratulando.

116 2757 246 2834 Tepidos
267 2765 364 2818 autern
387 2765 415 2818 et
436 2759 607 2820 dormientes
620 2755 640 2837 ⁵)
663 2759 781 2818 celerius
802 2758 998 2833 pertransivit,
1023 2755 1063 2812 nil
1084 2771 1155 2814 con·

116 2845 265 2905 celationis
289 2847 329 2904 cis
350 2846 524 2921 impendens.
557 2845 691 2922 Singulos
712 2863 782 2905 vero
798 2859 951 2904 conversos
966 2844 995 2900 in
1016 2841 1065 2902 illa
1086 2858 1155 2901 coe·
1259 2922 1260 2925 Ἴ

115 2932 182 2991 lasti
211 2934 375 2992 circuitione
403 2934 546 3007 visitatos,
575 2951 628 2993 nec
656 2950 714 2991 non
741 2940 770 2991 et
797 2930 960 3007 neglectos,
992 2929 1155 3004 praedictus

116 3036 274 3078 conversus
297 3018 444 3096 diligenter
464 3021 581 3093 notavit,
603 3019 730 3096 singulos
753 3019 867 3078 domino
888 3017 1063 3090 Hermanno,
1088 3022 1156 3076 tunc

115 3106 225 3166 ibidem
245 3107 350 3179 Priori,
377 3123 454 3188 nunc
474 3106 545 3164 Loci
571 3113 687 3168 sanctae
715 3105 826 3166 Mariae
852 3103 962 3163 Abbati
990 3105 1156 3162 nominatim

115 3195 289 3270 exprimens.
331 3189 414 3252 H'aec
441 3193 477 3252 ab
509 3195 568 3252 cius
597 3209 646 3252 ore
674 3192 781 3252 audivi.
824 3189 1025 3252 NOVlOlUS:
1057 3189 1156 3250 Simde

114 3279 252 3340 recordor
280 3285 308 3338 te
338 3278 441 3338 dixisse
469 3281 498 3337 in
525 3281 617 3353 prima
646 3279 824 3340 distinctione
855 3277 980 3353 capitulo
1013 3278 1155 3336 tricesimo

116 3370 218 3442 quinto
236 3365 272 3426 dc
286 3364 442 3426 Godefrido
460 3366 601 3426 monacho
615 3365 773 3426 Vilariemi.
804 3363 1040 3425 MONACHUS:
1062 3364 1156 3422 Tanta

116 3455 236 3514 caritate
256 3453 344 3516 beata
364 3453 454 3530 Virgo
482 3455 536 3512 sibi
564 3453 668 3513 devote
695 3452 864 3513 famulantes
886 3451 1095 3528 complectitur,
1124 3455 1156 3508 ut

115 3559 175 3600 uon
204 3539 299 3599 solum
322 3541 482 3616 orantibus,
511 3556 568 3599 uon
597 3539 690 3600 solum
718 3539 919 3617 psallentibus,
949 3536 1001 3600 sed
1030 3545 1059 3598 et
1087 3537 1155 3596 dor-

115 3627 271 3687 mientibus
291 3625 457 3687 benedicat

134 3745 167 3812 1)
184 3743 292 3810 Gregcr.
310 3741 396 3794 bloral.
414 3743 445 3805 ll,
463 3743 505 3805 49,
524 3744 571 3795 *ldt
600 3741 674 3810 ,dum
693 3743 770 3793 menti
796 3740 896 3810 ignaria
914 3738 1069 3804 subripit,
1093 3753 1167 3803 pru-·

187 3811 420 3880 dentialrigescit.“
434 3841 464 3852 —-
484 3813 516 3879 2)
533 3813 553 3864 G
571 3813 664 3863 cuius
682 3811 856 3862 demum-
874 3809 906 3873 i)
924 3807 1013 3858 llomil.
1032 3805 1154 3870 eptae.

190 3882 264 3950 -3)
278 3884 466 3934 maximcem
479 3879 643 3949 c.-t)ec
660 3875 1153 3943 corum.-5)ADdormitantee.
