2524 4252
277 327 287 336 .
396 268 451 334 Du
472 266 754 334 contutimus.

402 459 635 524 CAPITULUM
667 459 743 522 XX.

195 581 984 664 Dcncitteoccs'oopuicdinoooutioncmdioiui

366 672 372 685 '
398 671 526 729 musicis
546 670 680 728 saluatus
701 675 751 728 at

124 788 206 852 Miles
235 790 351 866 quidam
378 789 611 852 sceleratissimus
639 789 676 850 ab
701 791 821 850 inimicis
843 791 902 849 suis
924 796 1024 867 ceptus
1047 797 1090 851 est

68 881 94 934 ot
112 878 227 938 oociurs.
271 876 326 954 Qui
348 894 413 937 cum
426 884 590 951 moreretur,
610 877 684 937 haec
699 879 725 936 ei
738 877 828 938 verba
847 875 948 936 ultima
962 877 1088 938 fuerunt:

67 961 181 1026 Domine
193 965 399 1024 misereremei.
427 963 462 1026 In
476 967 556 1024 cuius
570 970 662 1022 morte
676 963 792 1039 quidam
806 964 941 1024 obsessus
954 963 1090 1024 liberatus

68 1055 114 1108 est.
145 1049 234 1130 Quem
248 1067 313 1110 cunr
326 1056 393 1126 post
405 1050 466 1111 dies
479 1067 587 1126 paucos
601 1047 753 1130 atrocius1)
770 1057 894 1126 vexaret,
915 1053 989 1110 sieut
1002 1068 1088 1127 supra

67 1133 166 1198 dictum
180 1143 223 1196 est
237 1136 273 1196 de
286 1137 417 1212 Konone,
439 1137 563 1214 capitulo
579 1137 688 1197 decimo
701 1139 831 1214 septimo,
848 1140 1038 1214 interrogatus
1053 1137 1089 1198 de

67 1219 116 1282 hoc
128 1222 279 1300 respondit:
299 1223 384 1282 Multi
400 1227 564 1301 congregati
577 1224 681 1283 fuimus
691 1225 720 1283 in
730 1231 821 1283 morte
835 1225 931 1282 militis
940 1223 1023 1300 illius,
1037 1224 1090 1285 sed

67 1309 208 1381 cusnitit
227 1311 268 1369 ibi
283 1311 463 1386 obtinuimus,
485 1311 606 1387 amplius
620 1313 648 1368 iu
664 1310 720 1369 hoc
742 1327 806 1369 meo
822 1310 941 1370 vasculo
956 1329 1001 1371 me
1023 1314 1089 1370 vin·
1130 1353 1135 1362 ι

68 1391 132 1454 dico.
172 1397 337 1472 Requisitus
360 1396 395 1456 ds
417 1414 512 1472 causa,
533 1398 666 1456 subiecit:
700 1397 767 1455 'Pria
787 1402 899 1456 tantum
920 1397 978 1456 heu
999 1399 1089 1458 verba

67 1484 180 1542 moriens
210 1482 343 1559 protulit,
374 1489 489 1559 propter
521 1500 595 1559 quse
627 1489 798 1558 potestatem
830 1490 957 1543 nostrum
990 1486 1089 1544 evasit.

66 1565 134 1628 Ecce
154 1568 220 1628 huic
241 1569 378 1646 praedoni
399 1571 437 1630 ob
457 1572 667 1630 invocationem
690 1569 777 1628 divini
798 1571 928 1643 nominis,
949 1573 1023 1630 sicut
1043 1570 1088 1630 la·

67 1657 133 1714 troni
157 1657 187 1713 in
214 1672 315 1731 cruce,
344 1663 515 1715 tormentum
536 1673 650 1717 versum
672 1661 715 1715 est
742 1657 771 1714 in
799 1658 974 1732 martyrium.
1016 1655 1088 1716 NO-

67 1739 201 1802 VIGIUS:
230 1742 266 1800 In
293 1743 349 1802 hoc
378 1743 507 1818 exemplo
536 1745 605 1802 satis
634 1741 781 1802 considero
811 1742 887 1818 quod
913 1744 1088 1818 poenitentia

67 1843 128 1887 vers
163 1845 312 1904 nunquam
343 1831 380 1890 sit
411 1846 484 1890 soro.
535 1827 771 1890 MONACHUS:
816 1829 883 1889 Duo
915 1829 1088 1906 subiungam

67 1915 203 1991 exempla,
229 1932 282 1992 per
309 1932 383 1991 quae
410 1933 566 1992 cognosces
595 1915 674 1992 quod
694 1922 822 1980 sxnomc
842 1917 972 1978 contritio
994 1917 1030 1978 sit
1052 1934 1088 1978 cx

67 2000 148 2062 nnita
166 2001 359 2064 misericordie
379 2001 443 2064 Dei

294 2139 307 2148 '
395 2157 628 2220 sternuntur
648 2108 738 2220 ιιιιι.

67 2273 108 2334 Dc
125 2278 248 2339 mosoc
269 2282 322 2356 qui
341 2283 402 2340 risco
422 2283 613 2340 caeromeniis
636 2279 714 2353 otoo,
736 2282 808 2338 suus
829 2297 850 2336 a
868 2279 929 2374 tilio
950 2283 1087 2340 monitus

121 2399 154 2460 In
174 2401 267 2462 Frisia
287 2419 378 2478 nuper
398 2401 485 2461 homo
508 2400 624 2477 quidam
646 2401 726 2459 dives
747 2399 905 2459 infirmatus
927 2407 978 2460 est.
1020 2401 1086 2463 Ha-

67 2479 145 2548 bebat
164 2493 262 2550 autem
281 2487 370 2549 filium
391 2488 566 2549 monachum·
586 2495 614 2546 et
627 2487 805 2547 sacerdotem
826 2489 855 2545 in
870 2486 1056 2566 Clarocampo
1065 2486 1086 2570 ²)

68 2565 142 2632 domo
156 2573 262 2636 ordinis
282 2576 380 2636 nostri.
421 2575 478 2635 Pro
499 2592 557 2649 quo
579 2591 645 2634 cum
666 2576 796 2648 misisset,
818 2576 899 2649 quasi
918 2591 971 2650 pro
994 2576 1086 2635 saluto

68 2658 167 2720 animos
193 2677 280 2737 suos,
307 2663 403 2724 nescio
426 2678 483 2736 quo
504 2661 560 2720 Dei
581 2660 701 2736 iudicio,
729 2663 790 2720 sine
812 2661 1002 2737 confessione,
1025 2665 1084 2722 sine

68 2742 170 2823 viuum,
190 2753 219 2810 et
239 2749 301 2810 sine
321 2749 484 2810 inunctione
505 2755 633 2808 mortuus
654 2753 707 2808 est.

388 2901 621 2964 oAPrrULUM
645 2901 749 2962 XXII.
795 2913 800 2929 ³

160 3025 234 3086 lum
256 3025 291 3086 dc
311 3024 436 3086 Fciaouc
458 3028 550 3084 cccco
572 3027 624 3102 qui
645 3030 715 3082 ante
735 3029 860 3084 mortem
882 3027 982 3084 munia

402 3117 589 3172 sacromenta
610 3113 741 3186 suscepit.

125 3230 204 3293 Circa
223 3232 300 3292 idem
320 3239 434 3308 tempus
454 3234 484 3290 in
504 3231 606 3291 eadem
619 3231 765 3306 provincia
782 3229 854 3290 alicu
876 3230 992 3306 quidam
1004 3233 1086 3294 Friso

71 3307 186 3378 hostibus
207 3321 267 3378 suis
289 3336 454 3394 occurrens,
482 3317 647 3378 vulneratus
669 3324 714 3376 est
734 3316 772 3376 ad
792 3323 928 3394 mortem,
950 3326 979 3379 et
1000 3323 1087 3380 occisi

71 3407 127 3458 tunt
152 3405 208 3466 dno
236 3404 286 3464 filii
318 3407 387 3466 eius.
437 3404 566 3480 Cumque
594 3411 705 3481 putrem
738 3405 878 3464 occisores
906 3408 1088 3466 aestimarent

72 3495 208 3568 mortuum,
229 3492 368 3551 abierunt.
407 3491 563 3567 ,Comperto
578 3497 657 3550 unco
679 3490 786 3550 scelere
805 3493 940 3567 magister
951 3494 1086 3568 grangiae

72 3567 294 3654 nuemweroe,
315 3578 439 3638 adducto
460 3578 602 3653 plaustro,
623 3579 734 3638 occisos
756 3581 950 3652 superposuit,
971 3585 1087 3637 etcum

87 3685 114 3752 1)
128 3691 231 3746 fortasse
248 3696 348 3761 scripsit
366 3703 467 3745 auctor:
491 3696 638 3746 atrocius
664 3692 817 3746 diabolus
843 3701 987 3746 vexaret.
1006 3721 1037 3732 -
1056 3692 1089 3759 2)

130 3766 304 3816 monasterium
323 3762 544 3830 Cisrocampenss,
561 3762 734 3816 Cisterciensis
752 3761 846 3816 ordinis
863 3763 969 3829 primum
988 3761 1013 3812 in
1031 3759 1090 3812 Fri-

131 3833 164 3884 sio
181 3833 339 3886 aedificatum
357 3842 405 3899 est,
423 3848 488 3885 anno
507 3833 583 3885 1165.
782 3903 830 3974 13
