2512 4254
300 259 356 318 DE
376 258 560 322 DIVERSIS
582 257 819 322 VISIONIBUS'.
1027 261 1094 320 153:

62 388 88 442 et
96 382 264 442 ornamentis
277 380 425 458 deportata
438 389 504 441 sunt
518 400 603 458 super
617 382 761 458 quandam
773 379 945 440 testudinem
955 375 982 459 ¹),
995 380 1091 442 locum

62 477 196 528 secretum
207 470 284 530 satis.
316 469 393 531 Pace
405 474 497 532 terrae
511 469 629 544 reddita,
648 487 713 530 cum
728 467 839 544 singula
852 467 922 526 loeis
937 470 995 526 suis
1006 469 1091 528 resti-

62 563 207 630 tuerentur,
228 557 362 616 scrinium
384 573 450 616 cunr
471 557 627 633 virginibus
648 555 809 632 neglectum
821 561 864 613 est
884 556 914 612 in
934 556 992 614 iam
1014 554 1091 615 dicta

61 641 203 702 uetudine.
251 640 336 702 Unde
364 641 556 718 indignantes,
586 641 698 701 duabus
726 642 836 701 vicibus
866 640 980 699 thecam
1009 659 1091 701 suam

61 715 211 788 tcmbiliter
233 735 445 803 concusserunt,
465 731 506 788 ita
527 736 559 788 ut
580 730 617 788 ab
637 730 768 788 omnibus
789 731 887 804 posset
907 727 1006 786 audiri.
1040 728 1091 787 Bis

62 817 139 874 etiam
152 818 288 876 saubtae
309 818 461 880 insomnis
479 823 680 892 apparuerunt,
701 816 836 890 dicentes,
858 814 937 891 quod
958 815 1092 874 recedere

61 901 159 962 uellent
181 901 217 962 dc
238 903 302 963 loco
323 905 353 962 in
374 920 431 978 qno
453 905 494 963 ita
514 903 686 962 haberentur
704 904 886 978 contemptui.
921 900 1004 977 Quae
1025 917 1092 962 cum
1150 921 1161 946 ⁴

61 1005 112 1048 non
130 988 302 1066 proficerent
322 1006 415 1066 neque
437 991 670 1050 concussionibus
691 1007 784 1064 neque
805 988 1042 1063 revelationibus,
1062 990 1092 1046 in

62 1075 179 1152 quadam
207 1084 291 1138 nocte
319 1077 450 1137 sollemni
471 1077 543 1136 infra
564 1079 717 1142 matutinas
739 1083 805 1136 ante
827 1075 948 1152 gradum
969 1076 1093 1153 preshy-

62 1165 116 1222 terii
143 1171 271 1238 santes,
301 1170 330 1224 ct
357 1166 387 1222 in
407 1163 509 1228 habitu
530 1163 730 1222 decentissimo
752 1164 884 1223 omnibus
905 1169 1092 1238 apparentes,

62 1253 175 1326 prium
203 1251 410 1311 inclinaverunt
437 1268 536 1311 versus
558 1250 662 1326 mare,
691 1250 792 1310 deinde
821 1267 901 1309 more
923 1267 1021 1310 eorum
1040 1252 1093 1326 qui

62 1340 87 1396 in
112 1339 160 1396 via
187 1345 255 1400 sunt
277 1337 413 1414 dirigendi
434 1355 466 1398 se
489 1345 646 1412 vertentes,
675 1335 784 1398 Abbati
806 1344 836 1396 et
856 1338 988 1396 omnibns
1009 1338 1092 1397 ineli-

63 1431 169 1499 nantes‚
198 1441 250 1501 per
278 1425 424 1502 quoddam
452 1427 556 1484 ostium
586 1424 662 1500 qnod
690 1441 764 1500 pene
795 1441 908 1499 semper
930 1421 1091 1504 clausum²)

63 1517 117 1570 erat
130 1514 265 1572 exierunt
298 1511 378 1588 Quas
395 1508 491 1590 licet³l
513 1529 612 1570 omnes
627 1511 772 1585 vidissent,
793 1512 983 1570 aestimabant
996 1518 1093 1572 tamen

64 1598 158 1674 singuli
190 1617 221 1658 se
252 1598 316 1658 illas
349 1599 527 1676 singulariter
558 1598 674 1658 vidisse.
724 1597 817 1657 Dictis
845 1599 989 1656 matutinis
1018 1616 1092 1657 nnus

64 1685 260 1746 nonachorum
293 1686 377 1746 ducto
411 1684 685 1746 seorsum-Abbate
718 1685 864 1744 consessus
892 1690 936 1742 est
965 1701 997 1744 se
1025 1690 1093 1744 ante

62 1773 175 1848 pedum
201 1773 274 1832 hora
295 1780 324 1832 et
343 1771 429 1834 modo
451 1772 596 1849 praedicto
619 1763 721 1850 duas‘)
743 1772 965 1846 speciosissimas
987 1770 1093 1830 vidisse

66 1859 189 1936 urgirres.
247 1859 299 1920 Cui
339 1875 405 1920 cum
435 1860 641 1935 respondisset:
681 1859 720 1916 Et
753 1875 807 1933 ego
842 1857 915 1933 vidi;
954 1865 1094 1917 venenmt

65 1945 121 2022 alii,
151 1953 181 2006 et
208 1963 377 2022 responsum
405 1953 449 2006 eet
477 1943 546 2026 cis⁶)
568 1946 667 2006 simile.
711 1945 840 2020 Cumque
863 1944 1094 2020 deprehendisset

66 2033 134 2107 quod
155 2035 194 2092 ab
217 2033 349 2094 omnibus
370 2035 449 2094 visae
470 2033 597 2107 inissent,
620 2034 719 2108 coepit¹
735 2029 829 2112 cum⁶)
851 2033 982 2091 omnibus
1000 2049 1093 2108 quae·

66 2121 174 2180 adunari
202 2137 344 2196 quaenam
371 2125 480 2194 essent,
508 2121 556 2181 vel
577 2137 652 2194 qnae
674 2137 762 2178 cansa
782 2119 854 2180 foret
874 2119 947 2179 illius
967 2121 1093 2178 visionis.

67 2203 114 2264 Cui
132 2225 199 2268 cum
222 2207 325 2267 diversi
347 2207 459 2267 diversa
480 2207 700 2283 responderent,
727 2208 768 2266 ait
788 2223 878 2280 unns,
906 2205 1040 2266 divinitus
1063 2215 1094 2265 ut

65 2299 127 2367 puto
139 2296 306 2370 inspiratus:
320 2295 396 2354 Puto
411 2294 556 2354 eaeluisse
569 2311 665 2353 sacras
678 2293 741 2352 illas
755 2295 887 2369 virgines,
902 2310 976 2368 qnae
990 2293 1026 2353 de
1035 2294 1094 2354 Co·
1208 2351 1211 2356 ,

66 2377 230 2441 lonianohis
251 2381 364 2456 allatae,
386 2387 465 2442 tanto
488 2387 615 2457 tempore
637 2376 752 2460 suptar)
775 2379 946 2440 testudinem
967 2381 1054 2440 mem
1075 2400 1095 2442 a

66 2467 140 2528 nobis
167 2467 317 2546 neglectae
346 2474 420 2528 sunt
462 2468 566 2528 Statim
594 2466 763 2527 accedentes
792 2465 830 2526 ad
851 2469 1000 2543 scrinium,
1028 2486 1093 2528 cum

66 2553 127 2613 uilril
144 2558 174 2614 in
202 2571 236 2616 eo
259 2557 438 2631 reperissent,
458 2556 546 2614 territi
567 2555 715 2614 Abbatem
735 2556 873 2613 miserunt
893 2552 1041 2614 Coloniam
1062 2563 1094 2614 ut

66 2638 121 2700 lin
147 2639 304 2702 reduceret.
345 2642 472 2704 Veniens
500 2659 569 2702 vero
599 2641 748 2700 Coloniam
777 2657 843 2700 oum
862 2640 1038 2702 Abbatissae
1066 2651 1094 2701 et

66 2732 210 2788 conventui
230 2745 292 2788 rem
312 2746 365 2806 per
385 2729 513 2789 ordinem
534 2731 696 2802 recitasset,
724 2732 811 2802 atque
833 2727 950 2787 easdem
970 2730 1093 2805 virgines

67 2813 92 2870 in
117 2813 185 2876 locis
211 2816 288 2876 unde
309 2813 470 2896 sublatae⁸)
491 2815 618 2890 inerant,
645 2817 827 2890 reperissent,
856 2813 966 2874 Abbati
986 2821 1019 2872 ut
1039 2817 1095 2875 sibi

67 2900 239 2962 redderentur
247 2899 268 2984 9)
291 2902 472 2979 supplicanti,
490 2908 568 2961 totus
590 2908 746 2961 conventus
767 2900 928 2976 respondit:
960 2901 1093 2963 Beneue-

67 2988 137 3048 nient
169 2991 252 3050 nobis
289 2989 489 3050 dilectissimae
525 2988 692 3048 domicellae
726 2994 856 3062 nostrae,
896 2988 1096 3049 beneveniant.

68 3071 151 3152 Cone,
172 3093 206 3136 ex
227 3093 286 3152 quo
302 3077 452 3137 vobiscum
474 3093 536 3136 esse
549 3075 710 3148 noluerunt,
729 3091 786 3134 non
808 3091 858 3134 cas
878 3074 947 3134 illue
966 3079 1096 3137 remitte-

68 3175 132 3221 mus.
171 3163 338 3240 Datumque
358 3169 404 3224 est
424 3164 451 3223 ei
471 3169 559 3240 capnt
580 3161 728 3222 cniusdam
748 3160 865 3222 altenrm
883 3164 1006 3240 virginis,
1028 3181 1095 3224 eum

69 3263 118 3321 que
144 3252 228 3310 tristis
242 3247 273 3330 10)
306 3248 465 3326 repedavit.
515 3248 621 3308 Adhuc
652 3255 722 3324 pnto
755 3247 876 3310 candem
907 3249 1094 3312 Friderunam

68 3335 169 3412 uivere,
190 3343 219 3397 et
239 3339 288 3396 vix
309 3337 406 3413 aliqua
427 3353 508 3398 soror
528 3338 622 3396 estin
644 3333 746 3395 eadem
767 3335 903 3413 eeclesia,
925 3353 1012 3414 quam
1034 3347 1095 3400 tam

69 3419 179 3484 icenrdn
198 3423 288 3484 lateat
306 3424 434 3484 instoria.

86 3553 113 3624 1)
128 3555 175 3609 vir.
192 3554 310 3611 Bemurd.
328 3555 348 3621 l,
364 3559 390 3610 l.
407 3573 433 3624 p.
444 3557 517 3610 ‘7582
542 3555 710 3627 „testudinem
729 3573 803 3625 quam
821 3557 930 3611 solemus
948 3555 1032 3609 dicere
1049 3573 1096 3608 ce-

130 3625 257 3680 laturam.“
270 3656 301 3666 -
320 3627 352 3694 2)
369 3627 434 3680 Ab?
451 3641 533 3694 pene
551 3626 806 3694 superclarrsum.
827 3657 856 3669 -
877 3629 909 3695 3)
927 3625 948 3679 C
965 3643 1040 3678 curn.
1060 3655 1094 3666 -

130 3696 160 3764 4)
177 3695 238 3750 cue
255 3705 282 3749 et
299 3699 395 3760 corrA
417 3704 496 3748 tres.
515 3725 545 3735 -
566 3697 597 3760 5)
616 3695 636 3748 Β
654 3704 687 3747 et
710 3695 830 3749 dictum
853 3705 902 3748 est
925 3694 963 3748 ab
987 3697 1040 3746 eis.
1061 3725 1093 3736 -

131 3765 162 3832 a)
178 3765 198 3818 l)
215 3765 304 3818 ah—
318 3767 350 3837 7)
367 3766 386 3819 Ρ
405 3780 510 3890 suges.
530 3794 560 3806 -
580 3767 612 3834 8)
630 3764 651 3817 Β
669 3775 836 3838 receptas.
856 3796 886 3806 -
905 3766 937 3834 9)
957 3763 977 3818 [l
994 3767 1097 3820 resti-

131 3839 304 3890 tuerentur.
324 3867 356 3877 -
375 3837 425 3906 10)
481 3841 515 3886 ct
533 3835 650 3892 tristis·
806 3903 834 3960 ἡ
