2524 4252
332 259 387 322 DE
408 259 589 322 PRAEMIO
611 261 876 324 MORTUORUM.
1056 264 1118 326 349

437 449 669 513 CAPITULUM
700 452 768 512 XL.

355 572 405 632 De
419 591 521 649 poeno
541 573 664 636 aboatis
687 572 843 651 Gorbeyae.

144 693 289 772 Tempore
317 693 477 756 schismatis
505 697 578 756 inter
607 694 743 755 Ottonem
772 701 801 755 et
828 694 993 771 Philippum
1021 694 1118 773 Reges

73 779 288 857 Romanorum,
308 785 473 859 peregrinus
496 783 613 858 quidam
635 783 671 842 de
692 785 888 842 transmarinis
910 785 1027 842 veniens
1048 799 1117 858 par-

74 868 176 943 tibus,
203 865 370 928 sclavinia'm
392 887 475 928 suam
496 887 547 944 pro
569 871 636 928 vino
673 868 751 952 quod
780 871 808 926 in
830 869 885 928 illis
907 870 1036 944 partibus
1057 869 1118 928 for·

74 956 223 1022 tissimum
237 962 281 1015 est
293 972 446 1032 exponens,
468 959 497 1015 in
519 963 631 1036 tantum
651 957 731 1030 bibit,
753 964 786 1014 ut
805 957 961 1014 inebriatus
983 974 1002 1015 a
1023 962 1118 1016 mente

73 1057 133 1100 sua
157 1041 342 1116 alienaretur,
370 1045 412 1102 sic
441 1049 474 1101 ut
501 1049 645 1102 mortuum
674 1060 740 1102 eum
767 1045 959 1102 aestimarent.
1007 1041 1119 1104 Eadem

75 1126 157 1188 hora
179 1128 281 1188 ductus
303 1135 348 1188 est
368 1131 483 1205 spiritus
506 1133 567 1189 eius
594 1129 632 1188 ed
660 1129 724 1188 loca
752 1146 926 1205 poenarum,
954 1130 1004 1189 ubi
1032 1147 1118 1205 super

75 1221 202 1292 puteum
222 1217 306 1293 igneo
325 1215 459 1292 operculo
481 1223 589 1276 tectum
610 1216 733 1275 residere
756 1219 904 1300 conspexit
923 1219 1016 1292 ipsum
1037 1219 1118 1293 prin·

76 1303 177 1376 eipem
191 1302 381 1363 tenebrarum.
415 1303 533 1362 Interim
553 1305 626 1362 inter
648 1309 756 1362 ceteras
778 1305 888 1362 animas
910 1303 1051 1363 adductus
1074 1310 1118 1362 est

75 1385 186 1448 Abbas
202 1387 349 1465 Corbeyae
362 1386 388 1469 ¹),
406 1407 491 1464 quem
505 1389 552 1448 ille
567 1389 688 1449 multum
699 1389 836 1462 salutans,
850 1407 914 1448 oum
930 1390 1017 1450 calice
1032 1392 1117 1467 igneo

74 1474 218 1551 poculum
239 1475 425 1551 sulphureum
439 1478 464 1536 ei
482 1479 660 1536 ministravit.
704 1474 760 1551 Qui
782 1493 846 1534 eum
869 1477 995 1552 bibisset,
1016 1483 1114 1536 amoto

75 1561 217 1637 operculo
238 1565 342 1622 missus
363 1565 457 1622 estin
481 1570 608 1640 puteum.
658 1562 829 1639 Peregrinus
857 1579 926 1622 vero
956 1581 1021 1622 cum
1050 1571 1117 1624 autc

75 1646 180 1707 limina
201 1648 346 1708 infernalia
373 1655 476 1724 staret,
506 1655 534 1709 et
560 1648 629 1708 talia
657 1648 780 1708 videndo
808 1655 955 1724 tremeret,
986 1648 1117 1710 diabolus

73 1735 191 1794 fortiter
218 1736 366 1796 clamavit:
402 1735 547 1796 Adduoite
576 1739 661 1796 etiam
689 1735 758 1794 milri
786 1735 932 1794 dominum
958 1735 1038 1795 illum
1068 1738 1117 1812 qui

76 1822 152 1884 ioris
173 1827 237 1899 stat,
259 1825 309 1898 qui
330 1839 394 1882 sero
410 1829 520 1884 vestem
538 1815 772 1899 peregrir'rationis
787 1839 856 1882 suae
877 1839 928 1898 pro
942 1825 1009 1882 vino
1025 1839 1117 1898 expo-

76 1907 178 1968 nendo
205 1910 361 1970 inebriatus
390 1916 441 1969 est
498 1909 563 1986 Quo
592 1909 690 1969 audito
718 1912 883 1987 peregrinus
912 1908 949 1968 ad
982 1909 1117 1986 angelum

76 1993 201 2056 Domini
215 1998 264 2072 qui
280 2013 347 2057 eum
367 1995 527 2055 adduxerat
547 1999 709 2072 respiciens,
730 1999 860 2074 promisit
881 1999 948 2072 quia
969 2013 1116 2072 nunquam

76 2083 276 2155 inebriaretur,
299 2082 453 2144 dnmmodo
475 2083 525 2142 illa
544 2082 616 2143 hora
630 2082 666 2142 de
686 2085 843 2143 imminenti
863 2083 987 2159 periculo
1009 2083 1116 2144 libera·

76 2175 124 2230 ret
146 2186 221 2228 eum.
264 2168 321 2246 Qui
341 2187 409 2228 mox
430 2169 468 2229 ad
489 2187 521 2231 se
541 2186 689 2246 reversus,
718 2170 793 2230 diem
815 2176 844 2230 et
863 2169 964 2230 horam
993 2172 1120 2246 notavit,

76 2255 251 2332 rediensque
264 2259 294 2315 in
315 2265 419 2316 terram
434 2275 524 2332 suam,
547 2256 648 2316 eodem
669 2263 797 2332 ternpore
817 2257 995 2333 praedictum
1012 2256 1118 2317 Abba·

77 2348 140 2404 tem
163 2343 258 2403 obisse
287 2346 430 2420 cognovit.
478 2345 541 2422 Ego
572 2344 694 2403 eundem
714 2343 862 2404 Abbatem
885 2342 1020 2403 Coloniae
1044 2342 1118 2420 vidi,

78 2435 198 2506 eratque
220 2429 307 2489 horno
335 2430 420 2514 valde
449 2430 616 2505 saecularis,
644 2433 735 2507 magis
766 2448 797 2490 se
826 2429 1007 2490 conformans
1035 2429 1118 2490 militi

77 2533 168 2592 quarn
190 2516 341 2576 monacho.
391 2515 594 2578 NOVICIUS:
625 2516 681 2593 Qui
701 2516 747 2577 hic
770 2517 858 2577 dediti
879 2524 945 2576 sunt
970 2519 1116 2592 ebrietati,

76 2610 150 2680 puto
181 2602 258 2680 quod
287 2606 316 2663 in
345 2605 453 2664 inferno
488 2605 562 2664 male
598 2609 742 2680 potentur.
796 2601 1031 2664 MONACHUS:
1068 2604 1115 2664 De

76 2689 134 2752 hoe
155 2689 235 2752 aliud
255 2691 307 2752 tibi
327 2691 447 2752 referam
468 2690 639 2767 exemplum.
755 2719 757 2724 ·

409 2880 643 2944 CAPITULUM
663 2878 781 2963 xm)

299 3005 349 3064 De
367 3021 464 3082 poena
485 3005 652 3080 Rudinperi
673 3010 702 3064 et
716 3011 796 3080 potu
818 3006 888 3063 eiua

142 3125 179 3186 In
199 3125 334 3187 Dioeeesi
347 3125 509 3186 Coloniensi
520 3121 541 3206 ²)
563 3143 620 3185 non
641 3125 741 3202 procul
762 3143 782 3197 a
803 3123 931 3200 Colonia,
951 3123 1032 3184 miles
1046 3126 1112 3202 qui-

76 3213 146 3274 dam
169 3219 230 3273 erat
249 3213 363 3273 nomine
384 3213 573 3290 Rudingerus,
594 3213 635 3272 sio
653 3219 731 3272 totus
753 3211 865 3272 deditus
874 3208 894 3292 ³)
916 3213 993 3285 vino,
1014 3217 1046 3270 ut
1068 3209 1113 3270 di*

75 3318 226 3362 versarum
253 3300 385 3360 villarum
414 3299 622 3374 dedicationes,
657 3306 768 3359 tantum
795 3304 911 3376 propter
932 3299 1009 3358 bona
1044 3300 1113 3358 vina

75 3388 278 3464 frequentaret.
303 3387 377 3447 'Hic
399 3375 464 3447 cum
485 3385 643 3446 infirmatus
665 3388 817 3445 moriturus
839 3391 929 3460 esset,
957 3385 1017 3445 filia
1045 3402 1112 3456 eum

75 3475 199 3552 rogavit,
219 3479 253 3534 ut
264 3473 335 3534 inira
349 3477 464 3552 triginta
479 3472 539 3534 dies
560 3474 615 3533 sibi
635 3479 793 3548 appararet.
837 3472 900 3549 Quo
913 3471 1111 3550 respondente,

75 3561 134 3623 hoc
156 3560 259 3622 faciam
277 3561 301 3620 si
321 3566 430 3638 potero,
452 3562 616 3637 exspiravit.
648 3560 720 3620 Post
740 3565 862 3619 mortem
874 3576 942 3618 vero
964 3558 1038 3617 filiae
1059 3573 1112 3634 per

95 3695 128 3764 1)
146 3691 254 3746 Corbeia
276 3709 358 3759 nova,
383 3693 499 3761 Corvey,
525 3692 625 3746 abbatia
647 3691 742 3745 ordinis
765 3693 791 3745 S.
815 3689 958 3752 Benedicti,
983 3689 1111 3742 liioeoesis

147 3762 374 3828 Pederbornensis,
390 3766 459 3816 iuxta
477 3761 595 3832 oppidum
613 3762 715 3816 llbxter.
734 3791 767 3800 —
785 3762 818 3830 θ)
834 3758 925 3814 Homil.
940 3760 970 3813 ll.
989 3775 1014 3826 p.
1033 3762 1058 3813 5.
1078 3787 1108 3798 -

147 3834 179 3902 2)
196 3833 217 3887 Β
234 3831 284 3886 add
301 3832 389 3887 villa.
409 3863 439 3874 -·
459 3834 491 3902 ³)
508 3830 622 3886 ARGEF
639 3831 689 3884 add
707 3839 784 3884 erat.
