2506 4254
152 259 215 320 226
464 253 692 318 offirmtum
717 254 876 317 DECIMA

152 378 288 454 loquente
321 376 501 454 loquebatur.
544 377 666 455 Quando
700 377 836 455 prolixius
866 379 897 438 in
925 375 1047 438 eeclesia
1080 377 1175 446 orabat,

154 464 286 525 dicebat:
307 464 397 524 Modo
425 483 583 526 murmuras
603 467 696 525 nimis.
738 463 860 541 Quando
882 483 960 541 aqna
988 463 1132 526 benedicta
1148 481 1175 526 se
1233 436 1234 506 i

154 553 284 628 aspersit,
302 553 405 612 iterum
426 549 566 633 aicbat¹):
587 551 663 613 Vide
683 569 720 612 ue
741 569 788 611 mc
809 557 921 629 tangas.
965 551 1020 611 Oui
1040 551 1132 612 miles:
1149 550 1175 612 Si

155 655 214 699 una
233 645 317 716 gutta
335 646 365 698 te
396 641 532 716 tetigerit,
557 655 615 699 non
636 637 705 698 mihi
725 637 860 714 placebit
900 639 1044 715 Tempore
1062 639 1108 699 illo
1127 653 1174 714 quo

155 741 226 786 crux
244 725 477 802 praedicabatur,
499 743 564 786 enm
585 725 667 786 miles
686 728 804 786 iuuaret
817 725 967 786 ecclesiam
980 728 1072 802 gratia
1091 727 1174 802 signa·

155 814 248 886 tlonis,
267 811 400 874 dabolm
411 811 492 871 illum
511 811 654 872 retrahere
667 813 746 872 nisus
760 818 804 872 est
819 811 932 872 dicens:
954 811 1032 888 Quid
1046 813 1090 874 hic
1102 808 1173 890 nui

155 897 316 975 Respondit
343 898 440 959 miles:
462 898 528 958 Deo
558 915 688 976 propono
720 901 843 973 servire,
875 904 904 958 et
936 900 989 958 tibi
1017 900 1172 960 renunciare

156 985 271 1046 Recede
304 1002 371 1062 ergo
393 1004 412 1046 a
433 1001 488 1046 me.
530 985 613 1046 Hace
635 985 747 1046 dicente
768 985 871 1059 milite,
899 986 1045 1062 respondit
1064 985 1172 1046 Saum:

157 1071 233 1149 Quid
248 1073 299 1132 tibi
313 1073 342 1131 in
354 1086 400 1132 ms
415 1071 579 1148 displicuit?
611 1071 766 1148 Nunquam
787 1078 816 1132 te
829 1071 909 1147 laesi,
929 1072 983 1132 ssd
1005 1073 1100 1132 ditavi.
1126 1071 1172 1131 Per

156 1175 203 1218 me
224 1158 364 1235 gloriosus
391 1159 483 1219 iectus
505 1175 536 1219 es
563 1161 656 1218 nimis.
698 1158 836 1218 Attamen
867 1166 964 1218 tecum
992 1175 1106 1220 manere
1128 1159 1171 1218 nbi
1234 1199 1235 1206 .

156 1248 317 1306 consentias
337 1263 395 1305 uon
416 1251 531 1322 potero,
553 1248 620 1321 quia
640 1245 697 1306 hoc
717 1247 842 1322 promisi.
884 1245 967 1306 Tunc
988 1246 1085 1308 milesr
1108 1245 1171 1305 Ecce

158 1349 271 1393 crucem
295 1334 352 1390 iam
374 1333 508 1408 suscipio,
529 1333 610 1392 et'ut
630 1331 695 1391 ilico
716 1349 863 1411 nunquam
884 1349 1050 1394 reseramus
1070 1332 1170 1392 recedo

157 1437 176 1480 a
197 1435 255 1494 me,
273 1420 302 1476 in
315 1421 430 1478 nomine
452 1418 577 1479 crucifixi
590 1424 619 1478 te
631 1418 739 1478 adiuro.
782 1418 821 1477 nt
833 1418 947 1494 reliquit
969 1437 1036 1480 eum
1049 1419 1170 1480 diabolum

158 1505 215 1582 Qui
242 1522 310 1564 mox
343 1522 427 1565 cruce
455 1507 583 1582 slgnatus
615 1523 694 1566 mare
722 1507 847 1581 transiit,
876 1508 925 1566 ubi
959 1506 1071 1567 duobus
1103 1507 1170 1566 annis

158 1591 270 1652 Christo
291 1591 423 1667 militans,
443 1608 574 1652 reversus
591 1590 733 1668 hospitale
754 1609 890 1668 magnum
911 1599 999 1669 atque
1021 1593 1170 1652 dtiuinnm

156 1681 311 1756 peregrinis
333 1684 362 1738 et
380 1679 555 1755 pauperibus
576 1678 746 1738 aedificavit.
788 1678 924 1739 Habebat
945 1683 1021 1738 enim
1042 1680 1170 1738 annuatim

156 1769 185 1825 in
207 1765 364 1826 redditibus
385 1765 450 1842 plus
472 1782 560 1841 quam
580 1772 722 1826 trecentas
742 1765 830 1825 libras
852 1769 977 1842 argenti,
1010 1774 1080 1827 teste
1098 1781 1171 1843 prae·

156 1853 215 1912 isto
237 1851 363 1912 Abbate.
404 1851 439 1910 In
462 1868 519 1928 quo
540 1849 786 1928 hospitatusque
807 1852 894 1912 hodie
924 1870 991 1913 cnm
1019 1869 1103 1913 uxore
1125 1868 1171 1911 sna

156 1941 186 1999 in
207 1940 308 2000 habitu
327 1937 460 2016 religioso
481 1939 616 1999 membris
638 1938 742 1998 christi
762 1941 857 2014 servit,
876 1939 1072 2016 religiosorum
1091 1940 1171 1999 omnl-

75 2089 79 2112 ,
157 2043 223 2101 um,
254 2027 378 2085 maxime
406 2025 510 2085 ordinis
538 2027 627 2084 nocui
649 2032 797 2100 susceptor
818 2025 948 2086 devotus.
992 2026 1101 2104 Quibus
1110 2023 1171 2106 ²)in

157 2115 221 2174 ioco
245 2112 338 2172 dicere
359 2111 451 2172 solet:
472 2111 534 2172 Vos
556 2111 662 2172 domini
684 2111 831 2188 Abbates,
852 2120 881 2172 et
901 2130 955 2173 vos
976 2113 1105 2175 monachi
1122 2129 1171 2172 non

159 2203 227 2260 estis
237 2202 341 2276 emon,
355 2216 408 2259 nos
418 2199 522 2259 milites
536 2201 722 2260 tornamentis
736 2215 852 2275 operam
867 2199 967 2261 dantes
977 2204 1067 2261 sancti
1080 2216 1172 2272 muna
1236 2265 1237 2270 γ

158 2289 227 2363 quia
242 2286 397 2347 daemones
410 2286 492 2346 nobls
507 2285 653 2361 obediunt,
673 2286 794 2363 illosque
816 2287 951 2346 elicimus.
986 2285 1172 2348 rioilcrusz
1236 2273 1237 2304 ¹

158 2373 275 2434 Neseivl
297 2372 451 2433 daemones
463 2374 505 2433 sle
516 2371 678 2432 ioculariter
688 2369 709 2452 ⁸)
732 2375 794 2434 eiici
815 2389 910 2450 posse.
952 2371 1173 2436 MONACHUS:

159 2459 226 2520 Non
255 2461 336 2520 iocus
367 2459 420 2519 sod
446 2461 537 2521 vinus
569 2461 772 2535 compassionis
798 2460 878 2520 illum
906 2462 997 2521 eiecit.
1046 2460 1176 2538 Quantum

159 2545 238 2624 apud
258 2546 355 2606 Deum
367 2547 458 2622 possit
468 2540 491 2626 ⁴)
513 2549 617 2608 carltm
628 2552 716 2624 atque
732 2546 856 2608 fraterna
872 2551 1044 2626 compassio,
1062 2547 1175 2610 subiecto

159 2633 319 2696 declaratur
339 2632 485 2694 miraculo.

507 2788 741 2852 CAPITULUM
768 2789 841 2852 XII.

199 2914 247 2973 De
269 2911 445 2973 mommo
466 2913 557 2972 milite
570 2925 573 2936 ¹
585 2913 621 2971 de
641 2913 758 2982 lictant
779 2915 832 2990 qui
849 2910 976 2992 flucu‘)
998 2913 1143 2992 empna&

332 2998 475 3060 taluam
495 2998 677 3059 Sarracenos
696 3000 872 3060 miraculose
890 3000 1019 3078 scopavit.

221 3119 322 3186 Frater
348 3120 495 3181 Walterus
523 3119 681 3180 monachus
708 3122 738 3180 in
759 3119 972 3182 Hammenrode
994 3122 1096 3184 referre
1115 3118 1174 3180 solet

157 3207 325 3267 miraculum
350 3208 492 3284 mirabile,
520 3210 567 3268 cui
587 3225 619 3267 sc
639 3207 798 3268 interfuisse
819 3215 968 3268 memorat
1011 3208 1084 3269 Cum
1102 3221 1173 3284 pere·

157 3295 229 3370 grint
255 3295 285 3352 in
315 3295 407 3369 prima
433 3295 612 3372 expeditione
641 3294 803 3355 obsiderent
835 3297 979 3356 ulutatem
1008 3289 1173 3372 Acharon'),

158 3381 276 3458 contigit
304 3378 455 3460 quodam')
483 3382 542 3457 dio,
577 3387 609 3442 nt
637 3383 743 3459 egressi
770 3381 920 3442 sarraceni
948 3399 1037 3444 manu
1064 3380 1173 3443 violenta

155 3467 345 3545 propellerent
359 3458 532 3530 chisianos
552 3471 582 3528 in
604 3475 699 3528 castra
719 3485 781 3528 sua.
822 3467 893 3528 Erat
913 3476 1011 3530 autem
1032 3471 1070 3530 ibl
1089 3458 1172 3542 tuno')

155 3555 237 3616 miles
258 3554 375 3631 quidam
395 3556 506 3616 invenis
529 3555 722 3626 Theodericus
743 3556 869 3634 nomine,
887 3555 975 3616 irater
996 3555 1099 3616 domini
1117 3550 1172 3612 Ko-

172 3688 266 3760 01³0
284 3687 385 3742 ciebit
400 3689 526 3742 iterum.
547 3718 577 3729 -
596 3687 667 3756 2)ss
691 3687 806 3758 quibus
823 3697 862 3742 ot.
881 3719 912 3732 —
932 3690 965 3758 3)
982 3689 1004 3744 Β
1022 3667 1171 3744 localiter.

224 3789 255 3802 -
273 3760 307 3828 t)
323 3757 369 3814 BC
384 3760 518 3827 possint.
537 3787 569 3800 -
588 3759 620 3826 5]
642 3757 698 3811 libri
724 3760 754 3812 in
771 3758 870 3812 fluxu.
889 3788 920 3802 -·
940 3761 972 3827 6)
989 3759 1053 3814 Bor
1068 3753 1170 3812 Aebuti

224 3859 254 3874 -
274 3831 307 3899 7)
324 3827 367 3882 cti
384 3827 531 3899 quadam.
557 3826 630 3882 Geni.
649 3827 691 3894 tx,
709 3828 734 3882 2.
752 3857 785 3870 -
803 3829 837 3899 8)
854 3828 917 3884 DE?
934 3838 1010 3884 tuno
1025 3830 1076 3884 lbi.

19 3899 73 4020 k
