2608 4252
134 285 173 343 10
437 284 664 347 DISTINCTIO
687 283 860 346 SEPTIMA

132 422 199 466 nem
219 406 372 482 gloriosam
400 407 478 484 clara
505 425 578 468 voce
600 407 756 468 dicentem:
786 406 906 484 Oportet
927 423 974 466 me
994 405 1128 468 recedere
1150 426 1170 466 a

133 493 197 553 loco
228 495 292 552 isto.
333 495 456 555 Dicente
477 513 628 556 conuerso:
657 495 722 570 Quo
751 496 806 554 ibis
833 493 982 554 Domina?
1009 495 1169 569 respondit:

135 579 184 639 Ad
205 579 294 639 tilium
315 599 427 657 rueum,
449 583 584 658 conqueri
604 582 640 642 de
662 581 818 642 Wilhelmo
840 581 876 640 de
897 581 1091 657 Helpiusteiu,
1108 584 1169 657 ‚qui

134 685 182 726 mc
195 683 254 726 non
266 671 333 727 sinit
354 671 500 744 quiescere
526 671 557 727 iu
578 669 728 728 hocloco.
760 669 848 728 Mane
870 685 939 727 vero
962 669 1101 728 visionem
1121 685 1172 728 re·

134 755 226 814 serens
240 755 385 815 cellerario
406 759 464 814 iem
481 759 630 815 memorati
642 755 797 830 Wilbelmi,
819 757 980 816 subiunxit:
1001 755 1105 816 Sustis
1118 772 1173 831 pro

136 849 222 916 certo,
243 841 322 918 quod
335 842 467 902 dominus
481 849 577 902 vester
588 840 605 922 ¹)
627 845 683 902 cito
704 845 841 902 morietur
861 849 978 918 pmpter
999 849 1172 903 conventum

135 929 207 988 Loci
234 935 351 989 sauctae
379 929 498 988 Mariae.
549 928 603 988 Cui
632 928 681 988 ille
710 929 882 988 subridendo
914 929 1074 1005 respondit:
1105 929 1173 989 Non

138 1018 254 1090 curetis,
285 1023 382 1076 tamen
402 1014 540 1075 vellemus
561 1033 624 1076 esse
644 1016 769 1076 absoluti
789 1017 827 1075 ab
850 1033 893 1076 co.
937 1016 994 1092 Qui
1024 1023 1091 1093 post
1112 1015 1175 1076 dies

137 1119 246 1179 paucos
276 1103 351 1178 pede
379 1109 541 1174 tumeatus,
572 1120 696 1179 poenam
724 1103 810 1162 solvit
820 1100 841 1182 ²)
868 1104 1012 1163 irrisionis.
1060 1102 1174 1163 Eadem

138 1207 206 1249 vero
229 1188 275 1248 die
297 1207 362 1249 cum
377 1189 548 1249 Wilhelmus
570 1193 646 1250 circe
665 1207 768 1248 nemus
789 1193 967 1265 spatiaretur,
988 1192 1081 1248 nisum
1102 1208 1174 1266 por-

138 1285 202 1335 tans
223 1293 309 1352 super
328 1294 472 1352 pugnum,
500 1294 519 1335 a
540 1277 653 1337 duobus
675 1279 765 1336 servis
788 1276 905 1336 Comitis
927 1277 1095 1353 Seyuensis,
1124 1280 1174 1353 qui

138 1364 283 1422 hominem
303 1366 347 1422 sui
367 1365 436 1422 iuris
458 1366 603 1439 captivum
632 1364 788 1438 ducebant,
817 1381 902 1439 quem
922 1366 984 1439 ipse
1006 1371 1139 1424 excutere
1151 1363 1174 1444 3)

138 1453 217 1509 uisus
231 1457 283 1524 est,
297 1450 398 1509 lancea
410 1451 589 1526 transfossus,
602 1454 728 1510 animam
740 1452 870 1527 protinus
882 1451 1035 1510 exhalavit
1062 1451 1174 1510 Eadem

138 1537 210 1597 hora
231 1539 350 1597 obsessa
371 1537 514 1613 quaedam
533 1539 563 1595 in
583 1538 665 1611 villa,
686 1555 761 1612 quae
782 1535 879 1616 tirso
901 1537 1018 1611 dicitur,
1039 1554 1059 1596 a
1079 1546 1175 1598 castro

139 1623 318 1700 Helpinstein
349 1627 418 1684 satis
449 1631 572 1698 remota,
603 1627 643 1683 ita
664 1627 758 1700 coepit
777 1623 894 1700 saltare,
926 1642 1087 1700 manusque
1108 1643 1175 1684 curn

140 1711 277 1770 cacbinuo
310 1711 505 1787 complodere,
537 1719 570 1770 ut
600 1713 649 1768 vix
681 1729 699 1770 a
731 1710 883 1770 duodecim
891 1709 911 1790 ⁵)
943 1719 1042 1787 posset
1076 1714 1177 1771 teneri.

139 1799 318 1875 Interrogata
339 1798 408 1873 quid
430 1797 572 1856 heberet?
597 1797 756 1872 respondit:
777 1797 866 1856 Modo
879 1801 916 1854 ·in
938 1798 994 1858 hac
1015 1798 1088 1858 hora
1109 1816 1176 1858 ma-

139 1887 227 1961 gister
247 1903 329 1944 meus
350 1887 501 1961 aequisivit
529 1892 586 1944 tres
607 1887 726 1952 animas.
767 1884 911 1944 Noveritis
931 1885 1118 1945 wilhelmum
1139 1885 1178 1946 de

140 1971 320 2047 Helpinstein
347 1974 405 2030 iam
434 1973 569 2030 occisum.
618 1969 821 2030 NOVICIUS:
854 1971 936 2046 Quae
966 1972 1081 2031 fuerunt
1111 1972 1179 2032 illae

140 2067 198 2118 tres
217 2057 365 2128 ‚ammaet
414 2056 649 2118 MONACHUS:
680 2056 778 2118 Occisi
810 2062 839 2117 et
867 2056 1073 2133 occidentium,
1104 2061 1180 2118 sicut

141 2149 275 2221 coniicio,
304 2163 339 2204 eo
367 2144 446 2221 quod
466 2147 592 2203 animam
612 2147 718 2204 mortui
738 2144 870 2204 babuerit
889 2147 919 2202 in
940 2163 985 2222 re,
1012 2145 1083 2205 alias
1106 2145 1179 2206 duae

141 2237 171 2294 iu
192 2251 253 2310 spe.
294 2233 359 2291 Nou
380 2232 470 2290 multo
499 2238 566 2307 post
585 2234 776 2307 interrogatus
798 2230 928 2291 diabolus
949 2235 979 2290 iu
999 2233 1120 2292 Briseke
1141 2233 1179 2293 de

142 2323 237 2380 anima
259 2319 386 2379 eiusdem
407 2317 569 2393 Wilbelmi,
596 2336 649 2394 per
676 2335 710 2376 os
738 2318 854 2378 alterius
875 2319 997 2378 feminae
1017 2319 1178 2395 respoudit:

142 2408 281 2483 Magister
301 2424 382 2465 meus
402 2405 492 2464 habet
513 2422 586 2479 eam,
609 2412 640 2464 et
660 2412 775 2480 propter
794 2406 952 2480 monachos
974 2423 1046 2482 quos
1067 2406 1179 2482 spolia·

143 2502 233 2568 verat,
253 2496 316 2570 pice
338 2499 367 2552 et
384 2493 520 2568 sulphure
539 2492 618 2550 illam
638 2487 781 2570 iniudit‘),
802 2509 893 2567 usque
914 2492 953 2552 ad
965 2511 1109 2552 summum
1129 2511 1179 2554 rc-

141 2582 230 2659 pleus.
273 2581 353 2640 Uxor
382 2595 451 2639 vero
476 2596 551 2654 quae
573 2578 743 2638 adtentum
763 2579 871 2638 malum
890 2582 1077 2656 instigaverat
1096 2597 1179 2656 eum,
1295 2581 1296 2596 ³

142 2675 208 2745 post
228 2670 316 2728 breve
337 2675 450 2742 tempus
471 2663 706 2744 apraeviuguo²)
728 2665 764 2724 de
786 2673 880 2726 castro
901 2684 967 2725 curn
978 2667 1075 2726 liberis
1086 2671 1179 2728 eiecta

144 2762 195 2816 est.
237 2755 312 2814 Nam
335 2771 399 2814 cum
428 2755 466 2811 sit
491 2751 727 2828 inexpugnabile,
757 2769 822 2811 cum
844 2753 929 2812 scalis
955 2761 1041 2813 nocte
1068 2756 1180 2814 intrans

141 2843 220 2902 illam
241 2846 360 2918 turpiter
381 2842 476 2914 eiecit,
497 2841 628 2898 iniuriam
647 2840 751 2898 beatae
772 2839 829 2898 Dei
850 2839 1000 2900 Genitn'cis
1020 2841 1180 2902 vindicans.

143 2931 191 2989 Ab
203 2929 251 2988 illo
265 2937 394 3005 tempore
407 2943 499 3002 usque
512 2925 597 2986 hodie
610 2928 814 2985 monasterium
829 2929 929 2985 curtim
944 2927 1065 2986 eandem
1082 2931 1180 3004 quiete

142 3016 276 3092 possidet,
296 3018 402 3075 meritis
417 3014 558 3091 gloriosae
569 3013 694 3090 Virginis
707 3013 846 3072 adiutum.
876 3012 1079 3074 NOVICIUS:
1101 3015 1180 3076 Satis

161 3169 191 3236 1]
209 3165 325 3235 cquod
341 3173 454 3218 noster
469 3166 636 3228 inimicus,
652 3163 769 3232 Pqnod
784 3163 998 3217 adversarius
1012 3175 1176 3220 noster.-

210 3238 243 3304 2)
261 3236 280 3287 B
299 3235 453 3287 exsolvit.
473 3265 504 3274 —
524 3237 556 3304 3)
574 3237 672 3302 eripere
689 3234 853 3287 demonibus
870 3235 968 3287 illorum
986 3252 1125 3289 serrorum.
1144 3269 1176 3278 —

210 3308 243 3374 l)
260 3305 360 3357 videtur
377 3321 434 3355 esse
452 3306 538 3356 Triscb
556 3321 636 3372 prope
655 3303 789 3356 Uclreratb
809 3334 840 3344 -
866 3305 898 3371 5)
916 3305 958 3356 blt
975 3305 1025 3356 add
1041 3306 1178 3359 homiui-

209 3375 276 3427 bus.
297 3405 327 3415 —
346 3375 378 3442 6)
396 3373 417 3425 D
435 3374 598 3438 intendit,
616 3373 636 3425 B
655 3372 966 3441 perfundit-MP
984 3379 1179 3445 praesigne,

209 3446 429 3512 Bpriviugio,
447 3443 648 3524 Rnpririgno.
683 3442 762 3494 Simili
784 3443 860 3494 modo
883 3453 1001 3496 auctores
1022 3445 1097 3498 medii
1120 3449 1178 3500 acri
1294 3459 1295 3468 ¹

209 3517 367 3584 gingnere
390 3528 436 3580 pro
454 3528 596 3581 grgnere
614 3511 765 3564 scribebant
783 3512 856 3565 Unde
873 3529 950 3580 supra
964 3514 1005 3578 lli,
1020 3515 1067 3566 31:
1091 3516 1179 3581 „Cou-

210 3575 316 3636 suetudo
339 3585 426 3635 vitium
448 3581 559 3634 accidiae
585 3598 617 3632 ex
640 3597 668 3633 se
698 3583 807 3649 gignit,“
838 3582 906 3634 iuxta
930 3584 953 3636 A
975 3583 1111 3652 legendum
1137 3595 1178 3638 est

209 3655 343 3725 ginguit.
378 3651 468 3704 lioruil.
485 3651 552 3702 iued.
575 3652 659 3717 ,Vitio
682 3651 823 3704 discordiae
846 3653 922 3703 etiarn
940 3669 1033 3705 nornen
1050 3654 1178 3708 barrabae

209 3726 333 3792 congruit,
349 3731 454 3790 propter·
470 3736 558 3773 sonum
577 3721 738 3782 stridentem,
761 3737 835 3789 quem
855 3721 948 3789 duplex
959 3726 1040 3776 .r.iu
1056 3739 1089 3776 eo
1106 3727 1179 3794 giu-

208 3796 300 3862 guit.“
328 3791 401 3858 Quod
419 3800 502 3842 autem
520 3792 609 3843 attinet
627 3790 659 3842 ad
678 3789 798 3858 syllabam
818 3806 906 3857 prae,
931 3802 1092 3860 comparetur
1116 3811 1178 3847 rer·-

207 3865 266 3917 burn
283 3861 535 3932 praevilegiare.
