2512 4254
315 269 370 330 nn
392 267 575 332 nrvnnsrs
596 217 831 332 visronmus.
872 233 873 236 ‘
1015 273 1086 334 rao

54 392 175 468 sermvi,
204 391 342 453 custodite
372 391 488 451 domum
514 409 609 452 meam
631 399 659 452 ct
680 411 753 453 vasa
773 397 878 453 vestra.
920 393 995 454 Mira
1015 393 1088 454 fides

54 478 185 555 lammae,
205 481 276 539 mira
290 485 320 539 et
333 481 422 538 virtus
438 478 651 555 Apostolorum.
695 479 751 556 Qui
772 481 916 557 propriam
938 481 1088 542 ecclesiam

56 581 90 623 cx
109 572 195 642 parta
218 569 392 628 concremari
412 568 614 642 permiserunt,
642 568 808 627 braxatricis
830 583 899 626 suae
921 566 1038 626 domum
1057 569 1088 626 in

54 651 153 712 mediis
175 653 296 712 flammis
317 655 447 730 positam,
468 670 525 712 non
548 656 607 713 sinc
628 656 753 714 maxima
775 653 961 712 admiratione
983 653 1089 714 multo-

55 755 115 797 mm
143 739 272 800 illaesam
293 756 407 800 servare
429 747 608 799 curaverunt.
650 737 850 800 NOVICIUS:
879 739 972 800 Valde
994 740 1089 800 hono-

55 824 135 884 randi
157 833 224 886 sunt
239 824 383 902 Apostoli,
405 844 456 903 per
478 844 550 902 quos
572 827 695 886 mundus
716 829 769 887 iste
790 826 969 886 iudicabitur.
1011 825 1089 886 Mo-

55 909 229 975 udonus
257 913 357 974 Verba
382 913 455 974 haec
482 915 553 974 mihi
573 920 710 974 revocant
723 910 739 993 ¹)
772 914 810 973 ad
830 916 998 974 memoriam
1020 915 1090 974 civis

57 998 203 1060 cuiusdam
225 999 332 1061 dictum
354 1003 415 1062 sine
434 1001 542 1061 factum
563 1001 700 1061 relatione
722 1001 846 1083 dignum.

382 1191 614 1253 CAPITULUM
640 1191 752 1252 LXIII.

121 1312 171 1374 De
188 1313 308 1374 Korolo
329 1316 391 1375 doc
411 1317 463 1390 poi
484 1315 595 1390 lapides
617 1315 659 1374 ad
677 1313 877 1392 fundamenta
898 1315 1030 1374 eccleciae
1073 1323 1077 1333 ¹

317 1403 476 1464 eorundem
497 1403 708 1478 Apostolorum
729 1400 841 1462 obtolit.

124 1520 159 1580 In
181 1522 299 1583 Colonia
315 1524 465 1600 burgensis
487 1523 604 1600 quidam
626 1530 694 1598 crat,
716 1522 803 1582 homo
826 1521 905 1582 dives
927 1540 962 1582 ac
983 1527 1095 1598 potens,

63 1601 186 1668 Karolus
206 1613 330 1686 nomine,
349 1617 431 1686 pater
452 1609 558 1670 domini
577 1609 678 1671 Karoli
699 1608 823 1682 Abbatis
845 1609 1016 1685 quandoque
1038 1610 1094 1670 Vi·

64 1689 197 1756 llariensis.
237 1696 295 1756 Hic
317 1714 382 1756 cum
404 1697 547 1772 audisset,
579 1699 646 1772 quia
666 1695 799 1772 Apostoli
827 1695 977 1758 iudicaturi
999 1701 1095 1756 essent
1186 1717 1190 1726 “

65 1779 205 1881 orbem),
233 1785 370 1860 cogitavit
400 1786 474 1843 lntra
502 1801 534 1844 se
556 1783 669 1843 dicens:
690 1783 846 1842 Peccatum
867 1800 956 1860 grave
978 1789 1035 1858 est,
1065 1789 1094 1842 et

64 1862 170 1942 lapides
196 1866 393 1951 anchorarci³)
415 1869 500 1930 valde
522 1877 588 1930 sunt
608 1870 770 1946 ponderosi.
800 1869 999 1946 EmamIgitur
1019 1869 1094 1946 lapi·

67 1951 122 2012 des>
140 1956 209 2017 tales
237 1957 275 2016 ad
302 1958 426 2019 futuram
455 1957 592 2016 fabricam
620 1962 783 2016 sanctorum
810 1955 1028 2033 Apostolorum,
1061 1963 1095 2016 ut

68 2043 177 2102 cumin
198 2043 243 2104 die
264 2043 360 2104 indicii
382 2061 469 2120 opera
490 2061 556 2104 mea
576 2045 668 2120 bona,
697 2061 751 2105 nec
772 2061 830 2104 non
853 2050 881 2102 et
902 2043 979 2102 mala
999 2046 1095 2119 posita

65 2122 204 2190 lucrintin
218 2136 332 2207 statera,
354 2129 487 2206 Apostoli
501 2132 548 2206 qui
563 2128 671 2191 iudices
686 2137 777 2207 emnt,
797 2130 907 2206 lapides
928 2133 998 2190 istos
1019 2129 1094 2191 lanci
1207 2203 1210 2210 Ι

67 2227 152 2290 opera
170 2235 234 2278 mea
253 2219 331 2278 bona
352 2220 505 2278 continenti
525 2213 721 2298 immittent⁴),
743 2224 772 2276 ct
792 2234 860 2277 mox
880 2217 1095 2294 praepondera-

67 2297 175 2384 bnnte).
222 2305 301 2364 Emit
313 2321 380 2380 ergo
402 2307 499 2365 navim
520 2304 644 2382 plenam.
656 2305 807 2381 lapidibus,
829 2321 900 2380 quos
921 2322 974 2382 per
995 2319 1094 2364 currus

68 2391 176 2466 portari,
196 2397 225 2452 et
244 2394 325 2451 iuxta
338 2390 543 2468 Apostolorum
558 2386 736 2471 ecclcsiam⁶)
759 2391 862 2468 deponi
882 2392 956 2451 lecit.
1000 2390 1094 2468 Quem
1128 2417 1130 2422 κ

70 2489 131 2534 cum
150 2480 276 2538 canonici
288 2481 517 2556 intenogassent,
539 2478 607 2554 quid
628 2480 682 2538 sibi
703 2478 792 2538 vellet
811 2495 864 2554 per
884 2477 993 2554 lapides
1014 2477 1094 2554 illos;

68 2564 216 2639 respondit:
241 2563 349 2641 Adqua
370 2565 479 2625 dicmm
499 2565 664 2625 renovanda
686 2571 729 2624 est
750 2566 870 2625 ecclesia
890 2567 954 2640 ista,
976 2571 1005 2624 ct
1024 2570 1094 2624 tunc

71 2657 144 2709 crunt
169 2653 253 2712 vobis
284 2655 444 2712 necessarii.
492 2652 559 2712 Non
583 2652 673 2712 multo
693 2658 760 2728 post
782 2669 848 2712 cum
869 2652 989 2712 ecclesia
998 2647 1017 2731 ⁷)
1041 2669 1094 2710 ex·

69 2737 236 2815 tenderetur,
264 2738 416 2799 occasione
444 2744 477 2797 ut
496 2745 566 2815 puto
595 2739 750 2798 eorundem
770 2737 911 2816 lapidum,
938 2741 969 2796 in
988 2736 1094 2797 funda·

71 2831 156 2886 mento
190 2827 277 2902 positi
303 2832 377 2885 sunt.
423 2823 506 2885 Haec
536 2825 571 2886 de
599 2825 804 2902 Apostolomm
831 2825 989 2886 visionrlnus
1018 2822 1095 2886 dicta
1129 2898 1131 2904 ‚

70 2908 126 2970 sint
165 2913 250 2972 Nunc
281 2911 377 2989 aliqua
404 2912 456 2972 tibi
483 2913 576 2972 dicam
605 2913 640 2972 dc
664 2913 848 2992 martyribus.
889 2907 1093 2971 NOVIGIUS:

71 2991 139 3069 ouo
162 3000 251 3060 saciat
270 3007 419 3076 martyras,
441 3016 529 3075 quare
550 3006 689 3076 martyres
711 2997 924 3074 dicantur,ch
946 3003 1017 3073 quot
1036 2999 1095 3058 sint

70 3097 165 3155 genem
190 3088 327 3164 martyrii,
358 3089 438 3164 prius
469 3087 538 3146 mihi
564 3086 670 3146 edicas.
717 3083 953 3147 MONACHUS:
987 3085 1107 3147 Facilis.
1134 3111 1139 3124 ·

71 3167 161 3234 horum
180 3173 284 3236 solutio
306 3179 358 3236 est.
676 3181 679 3184 '

359 3305 795 3361 -θΘ-θ-έ-

87 3501 115 3569 l)
128 3500 171 3556 BD
188 3509 348 3556 revocant
365 3501 451 3554 mihi.
470 3530 501 3541 -
520 3501 553 3568 2)
571 3500 679 3560 orbern
697 3499 747 3552 add
764 3499 796 3554 B.
814 3499 919 3563 Accii,
943 3497 985 3551 31.
1011 3527 1041 3538 -
1061 3497 1093 3564 3)

131 3569 361 3624 Cauchorarii.
396 3571 496 3624 Ancora
519 3572 573 3624 siva
597 3585 677 3622 ancon
701 3579 741 3622 est
757 3570 867 3636 lapidum
885 3571 990 3637 species.
1010 3596 1040 3606 -
1060 3565 1093 3632 4)

130 3641 196 3694 conl.
230 3641 401 3694 incurrent
423 3649 450 3694 et
478 3639 710 3708 praecidentur
732 3638 927 3704 1v‚l.5o.-
951 3636 984 3704 5)
1006 3632 1093 3688 acor

130 3710 417 3778 praeponderabit.
436 3742 469 3750 —
488 3710 520 3778 6)
539 3708 579 3763 GP
596 3710 771 3762 ecclesiam
805 3705 1052 3778 Apostolorum,
1069 3700 1091 3754 B

131 3779 301 3904 ecclesiam
333 3789 515 3834 sanctornm
550 3778 792 3848 Apostolorum.
817 3808 847 3818 -
873 3779 904 3845 7)
930 3775 952 3828 B
981 3771 1092 3826 eadem

131 3851 282 3904 eccesia.
495 3877 497 3880 ·
