2512 4254
172 284 232 346 156
483 277 710 350 Difluuicuuo
734 279 899 344 OCTAVA

171 406 333 484 evigilavit„
358 405 415 481 Qui
435 408 531 464 statim
548 405 685 465 intellexit
701 407 839 465 visionem
851 401 878 485 ¹).
909 403 1108 468 NOVICIUS:
1128 405 1188 466 Cum

172 495 318 553 instratis
346 499 374 552 et
399 493 489 552 hortis
517 495 638 552 civitatis
662 491 798 553 Coloniae
819 491 969 552 bealamm
990 496 1125 570 virginum
1142 513 1189 554 uo·

173 581 265 644 deam
289 579 408 642 millium
427 581 535 656 passim
557 596 623 641 ossa
645 581 835 659 reperiantur,
855 579 969 641 videtur
988 579 1057 640 mihi
1076 580 1132 640 fieri
1150 583 1188 638 vix

171 685 257 746 posse
266 663 287 747 ²)
314 669 382 742 quin
409 683 495 742 saepe
517 666 610 726 aliena
632 669 673 725 eis
696 663 791 746 ossa³)
813 666 1034 728 admisceantur,
1074 666 1190 727 MONA·

173 753 289 816 CHUS:
317 753 425 814 Retulit
452 754 522 812 mihi
549 754 707 812 monachus
737 753 852 830 quidam
871 753 916 816 ,ds
938 754 1038 816 Veteri
1057 754 1188 814 Montein

173 859 230 918 quo
251 841 374 917 amplius
396 858 483 917 quam
504 839 581 901 mille
600 840 731 899 dicuntur
752 857 814 900 esse
838 839 997 924 oorpora‘),
1018 841 1095 918 quoti
1113 839 1191 902 num

170 929 257 989 falsas
277 931 351 988 inter
371 945 403 987 se
425 945 488 988 osse
500 923 520 1008 ⁵)
541 930 686 1004 patiantur
706 927 848 1003 reliquias.

476 1116 708 1178 CAPITULUM
729 1117 906 1180 LXXXIX.

224 1243 272 1302 De
294 1259 356 1304 otae
377 1243 484 1318 equino
506 1213 587 1318 qood
607 1241 643 1308 de
663 1261 769 1305 aarum
781 1238 803 1316 ⁶)
833 1243 963 1319 reliquiis
984 1243 1151 1305 aurowluse

568 1331 735 1404 proiectum
757 1335 806 1393 eat

236 1450 377 1528 Tempore
405 1449 531 1524 quodam
559 1467 625 1509 oum
653 1449 776 1526 plurima
804 1449 872 1510 illue
894 1449 982 1509 allata
1003 1449 1119 1511 nument
1137 1466 1191 1510 eor·

170 1554 250 1613 pora,
271 1536 404 1597 monaehi
423 1536 555 1596 laverunt
574 1536 631 1596 illa
676 1536 805 1612 Cumque
828 1536 928 1597 eadam
944 1540 1106 1612 posuissent
1120 1553 1191 1612 super

170 1625 254 1686 sedes
284 1624 421 1705 Capituli,
453 1626 554 1698 parmis
586 1623 699 1700 mundis
731 1625 896 1698 substratis,
929 1631 958 1684 et
971 1621 991 1704 ³)
1021 1627 1189 1697 sisterentur,

170 1713 261 1773 foetor
295 1711 479 1770 intolerabilis
515 1713 596 1786 quasi
632 1727 668 1770 ex
701 1713 741 1770 eis
774 1711 926 1785 exhalans,
966 1715 1092 1770 omnium
1121 1725 1189 1770 nares

171 1800 274 1859 inleeit
328 1799 444 1856 Timens
480 1796 611 1856 dominus
644 1797 798 1857 Coswinus
830 1797 932 1858 Abbas
964 1799 1101 1859 foetorem
1130 1814 1188 1856 eun·
1244 1869 1245 1882 χ

172 1887 238 1946 (lem
278 1903 313 1944 ex
352 1885 447 1960 aliquo
487 1883 593 1943 diaboli
630 1884 752 1944 ludibrio
790 1885 876 1945 luisse
912 1893 1056 1960 orealum,
1093 1891 1122 1945 ni
1148 1899 1188 1960 per

172 1989 238 2034 eum
275 1971 457 2030 devotionem
490 1971 608 2030 fratrum
644 1987 712 2048 erga
746 1971 880 2052 reliquias
914 1980 1072 2049 martyrum
1112 1973 1188 2032 enfin-

171 2065 286 2137 gueret,
318 2061 471 2134 assumptis
499 2075 597 2118 seeum
619 2057 830 2134 sacerdotibus,
865 2065 962 2118 vestes
983 2077 1080 2119 saeuas
1100 2057 1188 2130 induit,

172 2163 239 2207 oum
270 2147 374 2222 quibus
407 2148 483 2204 eirea
517 2147 622 2205 ostium
650 2145 774 2220 Capituli
809 2152 903 2221 stans,
934 2148 975 2206 sie
1008 2149 1063 2205 uit:
1094 2144 1187 2204 Adiuro

171 2239 200 2293 te
220 2233 365 2293 immunde
392 2235 507 2308 spiritus
528 2249 580 2307 per
601 2249 667 2292 eum
689 2234 738 2308 qui
758 2239 895 2292 ventuius
917 2240 961 2292 est
979 2233 1103 2292 iudicare
1121 2234 1188 2292 vivos
1243 2277 1244 2280 ,

172 2328 200 2381 et
227 2327 355 2382 mortuos
384 2326 413 2380 et
440 2319 587 2378 saeculum
615 2321 797 2396 perignem,
826 2326 858 2378 ut
879 2321 903 2378 si
924 2320 1032 2395 aliquid
1053 2323 1093 2379 tui
1112 2319 1188 2394 open's

171 2409 263 2468 estin
285 2407 341 2466 hoe
362 2407 484 2480 foetore,
512 2405 708 2465 manifestetur
730 2411 759 2465 et
779 2405 962 2482 annihiletur,
986 2407 1092 2483 desque
1110 2406 1187 2464 hono·

169 2513 230 2555 rem
250 2495 316 2553 Deo
346 2499 374 2552 et
395 2495 500 2559 sanetis
523 2492 577 2554 his.
619 2491 695 2551 Mira
715 2510 769 2552 ros.
811 2495 869 2553 Vix
890 2495 978 2554 verba
1000 2493 1187 2570 compleverat,

170 2589 199 2642 et
221 2598 287 2641 eoee
310 2598 341 2640 os
362 2579 470 2656 grande
491 2581 627 2655 equinum
655 2582 764 2639 cuneus
783 2580 946 2640 videntibus
968 2580 1004 2640 de
1025 2581 1116 2640 medio
1134 2577 1188 2638 reli·

169 2658 300 2746 quiarum
333 2667 464 2740 exiliens,
496 2673 575 2726 extra
604 2665 766 2742 Capitulum
798 2669 880 2743 quasi
910 2668 1023 2728 turbine
1053 2666 1187 2744 impulsum
1242 2697 1243 2746 ;

168 2759 326 2832 proiectum
356 2759 406 2814 est
451 2752 523 2812 Cum
551 2769 609 2830 quo
631 2760 661 2812 et
681 2756 773 2816 omnis
791 2753 884 2813 foetor
904 2761 1047 2816 extractus
1068 2761 1120 2830 est,
1144 2749 1188 2811 ad·

47 2867 51 2875 ·
169 2847 303 2919 venitque
324 2841 396 2900 odor
410 2842 604 2902 suavissimus.
636 2839 718 2902 Tune
740 2857 838 2901 omnes
852 2841 918 2901 Deo
931 2844 1037 2918 gratias
1044 2839 1066 2922 Β)
1080 2841 1187 2918 egeuml,

170 2932 218 3004 qui
233 2937 260 2989 et
271 2929 417 2990 diabolum
429 2930 458 2986 in
469 2945 522 2988 suo
534 2944 619 3004 opere
634 2926 768 3004 contudit,
782 2934 811 2987 et
827 2935 940 2988 sanctos
952 2946 1020 2990 suos
1030 2926 1187 3007 glorifieavit

168 3015 250 3084 Haeo
271 3023 300 3076 te
322 3016 357 3074 de
385 3016 541 3091 virginibus
561 3010 734 3094 audivisse⁹)
754 3015 885 3078 sufficiat.
926 3015 1060 3076 Referam
1079 3017 1126 3078 tibi
1144 3011 1187 3072 ad·

168 3101 226 3164 huo
247 3120 333 3163 unam
353 3104 491 3162 visionem
512 3099 675 3175 mirificam,
703 3103 850 3179 uvirgine
870 3103 978 3180 visam,
1007 3120 1081 3179 quae
1101 3115 1187 3178 supra·
1241 3147 1242 3152 1

168 3188 251 3248 dietis
280 3189 427 3249 ordinibus
457 3188 615 3267 aequaliter
647 3191 812 3266 conveniat,
848 3195 877 3259 ot
908 3192 1051 3270 pinguium
1081 3191 1187 3249 visiones

167 3274 327 3342 aonoludat

188 3499 220 3568 1)
238 3495 259 3550 C
277 3511 351 3548 esse
369 3497 535 3550 visionem.
558 3497 620 3549 Viti.
638 3495 703 3550 Patr.
722 3496 740 3550 l.
758 3513 783 3565 p.
801 3497 852 3551 345
871 3495 906 3550 C:
947 3496 1002 3568 Ego
1021 3513 1081 3552 vero
1103 3498 1125 3548 in
1140 3507 1186 3546 me·

134 3583 148 3616 a
236 3568 370 3634 metipsum
380 3582 507 3630 reversus,
516 3566 628 3628 intellexi
638 3565 830 3622 visionem.“-
841 3567 906 3634 2)D
924 3536 978 3623 r’t'ix
995 3583 1091 3639 posse
1108 3563 1186 3645 lieri,
1240 3559 1241 3582 ¹

236 3637 256 3692 P
274 3637 351 3690 fieri
373 3651 469 3702 possa
493 3636 556 3690 vix.
575 3664 606 3687 ψ-
627 3637 658 3705 3)
677 3635 719 3690 BC
737 3638 786 3690 eis
809 3636 919 3694 aliena
943 3653 1032 3704 ossa,
1054 3633 1185 3690 Dalion

233 3723 310 3762 ossa
334 3707 391 3758 eis.
407 3736 439 3744 -
457 3703 529 3774 ¹01)
551 3721 687 3772 corpora
707 3705 885 3770 earundem.
901 3737 934 3748 ·-
953 3707 985 3776 5]
1003 3723 1074 3772 epse
1091 3721 1128 3763 oro
1145 3702 1184 3756 BD.

234 3807 267 3918 ὦ
285 3773 537 3900 mimitatur.
556 3805 586 3828 m
607 3777 639 3844 7)
657 3773 699 3830 BC
716 3783 758 3835 ui.
779 3805 810 3832 -v
829 3775 915 3848 SJBD
933 3777 1061 3847 gratias
1079 3776 1143 3832 Deo·
1160 3799 1183 3812 ·

434 3863 443 3897 ι
503 3882 511 3897 .
