2524 4252
179 271 241 334 336
346 293 351 304 ‘
445 268 673 332 oleumcum
699 267 969 332 Doonuoms'

178 394 269 456 stobrs
290 393 375 469 dicet,
395 393 488 454 vuum
507 392 650 452 infidelem
670 399 756 469 posse
770 392 876 453 salvari
895 409 949 469 per
968 388 1115 452 mulierem
1132 389 1196 451 iidc-

178 482 235 542 lem
247 478 273 561 ¹).
316 480 399 541 Unde
428 480 563 557 quicquid
591 481 685 540 minus
705 481 813 539 lactum
840 485 884 539 est
911 497 930 539 a
957 480 1020 538 vire
1046 493 1125 553 meo,
1150 495 1195 554 ego

179 583 253 644 qnae
273 585 340 645 pars
361 570 488 644 corporis
515 570 576 626 eins
605 583 684 640 snm,
711 566 896 626 libentissime
924 564 1081 641 supplebo;
1108 571 1196 642 parato

179 656 254 716 euim
276 673 338 714 sum
359 672 411 730 pro
432 654 481 714 illo
502 653 616 729 includi,
637 659 667 712 et
681 653 747 714 Deo
767 670 819 730 pro
842 656 902 714 eins
919 653 1084 713 satisfacere
1104 669 1196 729 pecca·

178 744 224 802 tie
265 741 496 817 Supplieantibus
516 758 585 801 vero
606 757 658 816 pro
688 756 723 799 ea
745 739 957 814 ominaliter,
985 738 1023 799 ad
1044 738 1195 798 mundaum

180 828 286 888 domini
306 829 404 904 Papae
432 831 568 888 cimiterio
600 828 764 886 restituitur.
805 826 895 886 Juxta
924 828 1005 886 cuins
1028 825 1195 902 sepulclnnm

177 915 228 974 illu
247 915 420 974 domicilium
440 915 502 974 lieri
527 915 608 990 iecit,
635 916 665 972 in
686 930 745 989 quo
766 907 798 972 s'e
817 913 978 987 includens,
1008 913 1196 990 eleemosynis,

178 1002 297 1077 ieiuniis,
317 1003 501 1076 orationibus,
522 1009 552 1061 et
571 1001 691 1077 vigiliis,
714 1000 759 1060 die
780 1007 923 1076 nosmque
945 999 1041 1059 Deum
1062 1017 1112 1075 pro
1131 999 1195 1058 illins

178 1091 274 1150 anima
300 1088 414 1164 placare
442 1089 559 1148 studuit
599 1087 717 1163 Septem
746 1104 815 1146 vero
844 1090 927 1148 annis
949 1087 1083 1162 expletis,
1100 1085 1195 1146 *illesi

178 1193 320 1252 apparens
340 1179 369 1234 in
390 1182 472 1234 veste
491 1175 578 1250 pulla,
599 1177 704 1251 gratias
727 1177 785 1250 egit
806 1173 917 1233 dicens:
939 1173 1055 1234 Reddet
1073 1173 1123 1232 tibi
1139 1172 1194 1231 Do·

178 1264 287 1335 minus,
317 1265 384 1336 quia
411 1269 527 1338 propter
555 1269 620 1324 tuos
646 1261 758 1320 labores
786 1267 884 1320 erutus
912 1279 976 1320 sum
1005 1259 1041 1320 de
1069 1258 1194 1336 prolnndo

177 1349 291 1423 inferni,
321 1355 349 1407 et
370 1347 405 1408 de
431 1350 532 1424 poenis
557 1350 698 1406 maximis.
741 1347 827 1422 Quod
854 1347 996 1407 siadbnc
1017 1346 1079 1406 aliis
1098 1351 1194 1422 septem

178 1437 261 1494 annis
292 1435 393 1494 similia
425 1435 565 1494 beneficia
596 1434 666 1492 mihi
696 1433 880 1510 impenderis,
912 1435 1028 1494 omnino
1058 1432 1194 1493 liberabor.
1245 1473 1246 1496 1

180 1521 265 1598 Quod
278 1537 345 1582 sum
366 1522 415 1580 illa
435 1523 556 1596 lecisset,
577 1524 681 1580 iterum
702 1523 729 1579 ei
741 1523 770 1580 in
791 1527 872 1581 reste
885 1520 956 1580 alba
975 1527 1005 1579 et
1022 1522 1194 1580 facieiocun-
1245 1531 1246 1570 i

179 1608 218 1668 de
238 1626 395 1685 apparens,
423 1611 476 1668 eit:
500 1608 615 1668 Gratias
635 1607 701 1666 Deo
728 1613 758 1666 et
776 1609 842 1683 tibi,
872 1611 941 1682 quia
967 1607 1054 1668 hodie
1073 1607 1193 1666 ibentn

178 1713 251 1755 sum.
292 1694 495 1756 NOVIOIUS:
524 1695 676 1770 Quomodo
698 1694 768 1752 dixit
788 1712 820 1754 se
840 1695 990 1755 liberatum
1012 1693 1049 1753 de
1069 1691 1192 1769 profundo

178 1783 286 1858 interni,
308 1799 380 1842 cnm
394 1782 474 1842 nulla
493 1784 523 1840 in
544 1799 579 1840 eo
601 1784 638 1840 sit
657 1780 837 1856 redemptio?
880 1779 1110 1841 MONACHUS:
1129 1779 1192 1838 Pro·

178 1869 297 1930 fundum
317 1870 433 1944 inferni,
461 1868 623 1928 acredinem
644 1875 730 1927 vocat
750 1869 913 1948 purgatorii
956 1867 1055 1928 Simile
1074 1872 1116 1926 est
1132 1863 1190 1924 illud

180 1957 257 2032 quod
267 1955 396 2016 Ecclesia
410 1962 472 2016 orat
484 1972 535 2032 pro
551 1954 703 2015 destinetis:
717 1957 846 2014 Domine
857 1954 932 2013 Jesu
943 1954 1056 2014 61111111
1066 1953 1189 2028 Recolo·

178 2046 243 2102 rice
269 2042 361 2101 libero
389 2047 505 2102 animos
526 2046 662 2101 onmium
677 2043 806 2118 fidelium
828 2041 1036 2117 defunctorum
1057 2042 1093 2100 dt
1111 2055 1189 2099 mum

179 2130 289 2207 bisunt
310 2137 339 2188 et
358 2130 394 2189 dc
403 2129 558 2205 profundo
580 2131 645 2201 laci,
667 2136 697 2188 et
714 2134 816 2188 cetere.
847 2128 913 2188 Non
934 2133 998 2187 oret
1014 2145 1066 2204 pro
1087 2126 1190 2186 dmm·

157 2207 230 2292 es,
259 2216 310 2276 sed
330 2235 382 2292 pro
401 2216 563 2292 salvandis3
593 2222 623 2274 et
642 2218 781 2291 accipitur
801 2215 841 2274 ibi
868 2231 971 2274 manns
998 2215 1110 2288 inferni,
1133 2225 1189 2288 pro·

179 2303 299 2362 tondum
320 2303 375 2363 leel
396 2305 457 2362 sive
478 2320 511 2362 os
531 2303 637 2376 leonis,
659 2320 711 2378 pro
733 2303 863 2362 acredine
883 2304 1049 2378 prugatorii.
1089 2301 1189 2374 Nequa-

181 2406 268 2466 quum
288 2390 449 2466 praedictos
470 2392 614 2448 usurarius
641 2389 741 2448 luisset
761 2407 780 2447 a
800 2391 899 2465 poenis
919 2389 1071 2463 liberabis,
1098 2389 1121 2447 si
1144 2399 1189 2443 non

180 2477 328 2536 habuisset
347 2476 462 2536 finalem
484 2478 689 2536 contritionem.
732 2475 878 2550 Quantum
906 2493 976 2536 vero
1007 2477 1107 2534 vitium
1130 2489 1189 2532 ara·

180 2566 261 2623 ritae
282 2563 363 2623 Deus
383 2566 413 2621 in
434 2564 493 2622 suis
515 2563 612 2624 electis
633 2565 662 2621 in
682 2564 846 2639 pmgatorio
867 2563 983 2638 puniat,
1003 2579 1124 2639 sequens
1141 2575 1190 2620 ser·

181 2668 229 2711 mo
252 2647 417 2730 deelarat²).

519 2803 752 2866 CAPITULUM
773 2804 875 2866 XXV.
1244 2879 1245 2882 Ἴ

290 2927 338 2986 Dc
354 2929 533 3002 porpaiosio
556 2926 710 2984 calcedam
732 2927 848 2984 Peioris
870 2925 905 2984 de
927 2922 1103 2984 dissecans

246 3047 284 3106 In
318 3050 490 3126 monasterio
524 3047 707 3106 Claraevallis
740 3047 820 3105 Prior
852 3045 968 3122 quidam
1004 3051 1128 3105 mortuus
1157 3045 1191 3099 est

181 3136 284 3192 nostris
298 3135 481 3211 temporibus,
494 3137 537 3195 vir
548 3134 702 3193 admodum
714 3133 870 3208 religiosus,
885 3139 914 3192 et
925 3137 1038 3193 amator
1048 3129 1190 3206 disciplinae

182 3221 360 3296 praecipuus.
402 3222 459 3282 Hio
479 3228 545 3298 post
565 3227 685 3280 mortem
706 3217 834 3280 ancillee'
847 3220 902 3280 Del
922 3219 1076 3280 Aeuelinae
1096 3220 1191 3276 inora-

182 3309 259 3370 tione
280 3307 428 3367 visibiliter
448 3326 603 3384 apparens,
628 3308 719 3368 formo
741 3314 769 3366 et
789 3307 890 3367 habitu
910 3311 1018 3366 statum
1040 3324 1120 3368 suum
1137 3301 1192 3362 setis

183 3392 316 3456 ostendit.
357 3394 428 3455 Erat
448 3398 523 3456 enim
544 3395 631 3455 iacies
653 3396 713 3454 eius
733 3393 840 3469 pallida
861 3410 896 3453 ao
916 3392 1077 3468 macilenta,
1100 3385 1193 3451 11111111

182 3483 275 3542 tenuis
298 3486 327 3540 et
348 3484 451 3542 attrita.
495 3481 587 3557 Quem
610 3499 675 3540 eum
696 3484 897 3556 interrogasset
918 3479 1063 3557 quomodo
1085 3477 1193 3542 heberet,

182 3567 342 3648 respondit:
370 3567 405 3628 In
426 3571 537 3644 magnis
565 3571 664 3644 poenis
685 3567 824 3626 hactenns
845 3567 900 3642 tui;
928 3568 980 3626 sed
1002 3569 1093 3644 gratia
1112 3563 1192 3624 cuim

183 3656 249 3718 dam
270 3656 363 3716 fratris
385 3658 434 3733 qui
455 3655 524 3713 mihi
539 3656 689 3731 plurimum
712 3655 808 3728 astitit,
831 3655 859 3712 in
879 3655 1010 3731 proxima
1026 3651 1193 3714 sollemnitate

15 3805 65 3870 Ι
201 3842 233 3911 1)
246 3842 307 3895 cor.
325 3842 344 3908 1,
361 3843 387 3907 r„
405 3843 446 3894 11.
467 3871 496 3882 -
517 3841 587 3910 aps
608 3840 798 3893 1111111111
