2512 4254
13 3811 20 3920 i

13 3929 25 4042 i

181 261 241 325 148
501 260 730 324 Dlsuuncmo
753 260 918 325 oanvA

176 389 272 446 anima
292 386 357 446 Deo
379 386 459 446 nnita
488 370 697 462 contempletur
725 387 829 446 omnia.
870 383 1106 446 montanus:
1130 385 1198 445 Bene

176 476 278 550 sentim
307 480 337 533 ct
363 473 410 533 hio
432 472 467 532 de
490 473 700 533 confessoribus
721 475 758 533 sit
784 471 857 532 finis.
890 473 947 532 'Dc
968 473 1122 533 visionibus
1139 469 1197 533 reio

177 560 354 637 quarundam
365 562 508 637 virginum
529 560 627 635 aliqua
647 561 700 634 tibi
721 559 855 636 rescram3
877 562 956 636 prius
977 565 1076 622 tamen
1096 559 1130 622 de
1144 562 1197 636 ipso

176 648 275 708 ordine
295 647 427 726 virginali
446 655 476 707 tc
496 647 656 723 expediam.

496 819 729 919 oAPITIJLUM
751 821 898 882 LXXIX.

573 943 622 1002 Dc
649 940 826 1019 Vispinibue.

214 1035 335 1126 ''ranta
361 1070 405 1124 est
430 1065 521 1141 gloria
546 1064 692 1142 virginalis
720 1071 752 1124 nt
780 1063 893 1142 angelis
920 1071 1116 1141 comparetur,
1144 1065 1198 1140 quir

178 1154 227 1228 qni
248 1170 310 1211 non
330 1151 442 1212 entem
455 1149 473 1224 ¹)
496 1171 590 1228 neque
611 1151 770 1224 nubentur,
792 1159 881 1214 munt
901 1155 977 1214 sicut
998 1154 1097 1228 orrpclr'
1116 1148 1196 1228 θεῖ’).

158 1239 251 1299 'Hinc
273 1245 317 1298 est
338 1235 416 1314 quod
437 1241 467 1298 in
482 1239 667 1300 tabernaculo
687 1239 810 1300 foederis
832 1241 915 1304 tertio
929 1242 1105 1316 operimento
1132 1235 1195 1314 qnod

176 1333 237 1390 erat
259 1325 294 1386 de
316 1325 439 1401 pellibus
460 1326 625 1401 rubricatis,
658 1332 791 1404 quartum
819 1325 912 1386 fuerat
939 1328 1146 1402 superpositum
1169 1323 1197 1382 do

175 1413 298 1490 pellibus
320 1414 476 1472 iecirrctinis
485 1409 516 1491 ³).
553 1412 610 1474 Per
630 1412 719 1487 peiles
741 1415 899 1474 rubricatos
921 1413 1085 1490 designatur
1104 1418 1197 1488 marty·

175 1504 257 1576 rium,
278 1500 357 1576 quod
379 1505 423 1560 cst
436 1502 644 1560 consummato
657 1501 785 1560 omnium
807 1503 956 1576 virtutum3
978 1517 1030 1576 per
1050 1502 1197 1562 iacinctinas

176 1605 250 1665 quac
278 1589 354 1646 aerei
382 1593 449 1646 sunt
476 1585 592 1661 coloris,
624 1589 786 1663 virginitas,
815 1605 889 1662 quac
910 1594 943 1646 ut
964 1585 1082 1663 quidam
1103 1587 1197 1660 deme,

174 1691 262 1752 supra
282 1689 396 1734 omnem
417 1676 550 1734 virtutem
573 1679 629 1749 est,
659 1680 688 1734 ct
710 1674 869 1752 angelicam
889 1673 999 1736 redolet
1021 1673 1197 1736 conversatio·

174 1780 250 1822 nem.
294 1762 426 1838 Virgines
448 1767 614 1836 sequuntur
635 1779 750 1836 opacum
771 1779 947 1838 quocunqne
973 1757 1072 1836 essct)
1094 1767 1197 1834 utroquo

174 1849 257 1926 pede,
277 1848 307 1906 id
330 1854 374 1908 ost
394 1850 554 1924 integritate
576 1850 679 1909 mentis
701 1854 730 1908 et
748 1849 882 1924 corporis.
912 1842 1114 1909 NOVIOIUS:
1132 1847 1197 1922 ldrgo

174 1937 298 2012 virgines
331 1933 539 1995 continentibus
569 1942 597 1994 et
627 1937 785 2012 coniugatis
806 1935 928 1995 maiores
949 1935 1039 1996 sunt?
1081 1931 1198 1996 MONA·

176 2021 293 2088 GHUS=
322 2021 446 2086 Maiores
468 2019 550 2095 suut,
579 2025 603 2081 si
632 2039 780 2098 compares
811 2027 918 2084 stenen
938 2019 1197 2096 adoreamque

175 2111 287 2188 dignior
308 2116 351 2168 est
373 2109 443 2168 ordo
456 2111 607 2184 virginum,
629 2125 715 2186 qnam
734 2109 804 2170 ordo
820 2111 1046 2186 coniugatorum.
1077 2105 1197 2170 Attamen

173 2201 203 2258 in
224 2197 322 2258 ordine
343 2197 560 2272 coniugatorum
581 2197 629 2257 vel
650 2196 815 2272 viduarum,
847 2197 930 2258 multi
950 2203 1017 2257 sunt
1037 2195 1130 2256 multis
1148 2196 1197 2252 uir·

174 2287 288 2362 ginibus
309 2287 338 2344 in
359 2286 459 2345 merito
481 2283 573 2344 multo
594 2287 732 2358 maiores,
754 2286 821 2359 quia
841 2301 930 2358 penes
953 2285 1045 2344 camis
1065 2283 1197 2359 integrita·

175 2381 234 2432 tem
255 2389 331 2447 quae
352 2373 442 2430 virtus
464 2377 596 2448 nonest,
618 2389 704 2446 quam
726 2373 812 2430 otiam
832 2370 961 2432 infideles
982 2371 1105 2444 habent,
1125 2369 1197 2428 meri·

174 2467 237 2520 num
268 2475 327 2518 non
356 2460 497 2532 consistit,
529 2458 581 2518 sed
608 2475 697 2534 penes
726 2461 882 2520 canentem.
926 2457 997 2533 Quis
1019 2474 1086 2534 crgo
1107 2449 1197 2515 auter

174 2546 285 2622 aliquas
306 2547 429 2622 virgines
452 2547 538 2604 etiam
559 2547 768 2618 sanctissimas,
796 2544 984 2618 Perperenis,
1013 2544 1157 2621 Prophetis
1175 2547 1197 2598 ct

174 2632 338 2709 Apostolis,
371 2633 419 2707 qui
441 2633 585 2707 coniugati
606 2639 686 2692 erent
706 2649 780 2706 pene
802 2648 918 2706 onmes,
939 2629 1098 2692 anteferre?
1136 2625 1197 2688 No·

174 2719 322 2784 VICIUS:
351 2717 427 2794 Quid
456 2735 524 2793 ergo
553 2718 695 2794 estquod
718 2721 809 2782 senon
829 2719 859 2776 in
880 2725 991 2780 tautum
1014 2715 1197 2778 commendent

174 2804 387 2885 virginitatem?
438 2802 674 2867 MONAOHUS:
710 2805 751 2866 Ut
789 2804 941 2866 ostendant
975 2812 1111 2880 quantum
1141 2803 1196 2862 Du

175 2894 289 2970 placeat
311 2895 436 2954 castitas.
478 2891 561 2952 Haec
593 2895 623 2952 in
654 2893 811 2970 virginibus
842 2897 963 2956 vocatum
982 2895 1127 2970 virginitas
1145 2890 1196 2950 eive

175 2982 347 3064 continentia
377 2977 538 3056 virginalis3
566 2981 596 3038 in
621 2981 791 3056 coniugibus
809 2980 954 3056 pudicitia
981 2978 1145 3056 coniugalia
1174 2976 1196 3034 ‘u

175 3067 268 3126 viduis
301 3068 473 3126 continentia
504 3065 656 3144 vidualis.¹
678 3066 762 3128 Unde
795 3065 830 3126 de
863 3067 965 3128 eodem
995 3069 1102 3128 semine
1131 3059 1196 3139 quod

175 3152 212 3212 dc
240 3171 328 3214 manu
360 3155 527 3215 seminantis
557 3153 670 3214 cecidit·
686 3157 715 3212 in
744 3160 850 3214 terram
885 3155 1006 3229 bonam,
1040 3151 1117 3214 aliud
1140 3149 1196 3234 iecit

173 3241 297 3300 fructum
318 3241 506 3316 tricesimum,
527 3240 606 3300 aliud
627 3243 852 3316 sexagesimum,
884 3240 962 3300 uliud
984 3243 1164 3300 centesimum
1173 3231 1195 3314 'i

175 3327 288 3390 Primus
317 3325 438 3386 debetur
458 3330 629 3404 coniugatis,
659 3327 802 3390 secundus
822 3326 917 3408 viduis
938 3333 967 3386 et
988 3325 1195 3392 contineutibus,

175 3416 273 3474 tertius
302 3414 468 3490 virginibus.
510 3415 548 3473 Et
574 3422 616 3474 est
637 3431 724 3490 saepe
742 3417 773 3483 in
795 3415 920 3490 proemio
942 3415 1101 3474 tricesimus
1121 3411 1196 3472 maior

175 3501 344 3574 centesimo,
377 3506 405 3560 et
437 3500 493 3559 lroc
520 3505 635 3577 propter
662 3499 851 3560 intensionem
880 3503 1014 3560 caritatis.
1063 3499 1136 3560 ffiuc
1161 3501 1195 3554 cet

71 3633 81 3654 e
175 3587 252 3668 quod
279 3588 396 3646 benum
416 3585 539 3656 Mariam
558 3586 763 3666 Magdalenem
783 3587 914 3648 Ecclesia
938 3589 968 3646 in
995 3588 1107 3649 letaniis
1126 3589 1195 3645 antc-

242 3705 348 3774 tigcret,
365 3703 428 3756 vidit
445 3704 562 3756 Germani
579 3703 691 3771 Gupuuni
708 3705 827 3772 Episcopi
845 3705 951 3757 unimam
968 3705 995 3756 in
1013 3704 1120 3773 sphaera
1135 3704 1194 3770 ignor

244 3774 392 3844 abnegetis
416 3776 441 3826 iu
466 3773 563 3824 coelunt
588 3773 673 3825 ferri.“
693 3803 723 3816 -
745 3775 776 3840 i)
793 3773 837 3826 An
864 3773 997 3827 nubunt.
1017 3804 1048 3814 -
1068 3773 1101 3842 2)
1121 3767 1194 3826 Metti.

243 3845 338 3911 22‚30.
358 3874 388 3886 ·-
408 3843 529 3914 eJExec.
540 3843 582 3909 26,
593 3843 634 3895 tr.
652 3873 685 3882 —
703 3844 735 3912 4)
750 3844 918 3912 Apoc.1d‚4.
937 3873 969 3886 -
988 3845 1020 3914 5)
1037 3838 1193 3928 Matth313,5·
