2608 4252
342 321 343 326 Ν
418 254 471 314 nn
493 253 651 335 sancus
666 252 807 314 namn.
1089 257 1127 313 ar

99 374 283 435 saccularium
296 372 312 454 ¹)
334 379 430 435 manui
452 378 511 436 eins
525 379 672 452 impressa,
694 375 826 434 omnibus
848 375 897 449 qui
918 373 1036 434 aderant
1052 375 1131 432 visus

99 467 140 520 est
159 465 327 537 exspirasse.
369 462 407 522 Et
428 479 494 522 ecce
517 464 602 522 beata
622 463 722 538 Virgo,
746 479 835 537 quam
855 463 1048 535 invocaverat,
1071 463 1131 536 spi-

97 550 158 606 ritui
174 550 236 608 eius
248 551 311 608 risa
326 556 371 608 est
384 549 484 608 adesse
499 568 564 609 cum
579 549 645 624 filio,
667 550 711 608 his
731 549 824 608 verbis
842 566 908 608 eum
924 566 976 623 pro
997 551 1101 608 invene
1109 545 1129 627 ²)

96 635 292 710 interpellans:
311 637 375 711 Fili,
394 639 493 712 inquit,
516 637 553 695 da
573 637 642 694 mihi
656 653 775 712 puerum
797 638 892 694 istum.
935 634 992 709 Qui
1009 651 1130 711 respon·

96 720 146 779 dit:
166 721 273 798 Mater,
295 729 362 782 tuus
383 727 428 784 sit.
468 723 518 782 Ad
539 723 617 799 quod
638 725 759 782 verbum
780 740 848 782 mox
870 725 963 796 coepit
984 728 1130 799 aegrotus,

95 807 153 883 vel,
173 815 210 867 nt
232 812 460 871 contristantibus
473 808 493 891 ³)
515 812 610 870 visum
632 817 689 885 est,
714 816 842 870 mortuns
863 811 1017 884 respirare,
1044 815 1131 883 atque

93 896 254 971 confortari,
274 899 304 954 in
317 903 428 956 tantum
448 904 481 957 ut
500 900 529 956 in
550 894 715 977 lectulum⁴)
738 915 821 956 suum
843 914 874 955 se
895 898 1005 956 iuberet
1025 898 1131 971 reponi.

92 981 138 1040 De
157 982 239 1043 febre
260 981 360 1063 vero⁵)
382 1002 432 1060 per
445 986 674 1044 intercessionem
695 985 798 1043 beatae
811 983 937 1060 Virginis
959 990 1028 1042 tunc
1047 981 1131 1057 plene

92 1076 217 1145 curatus,
240 1087 305 1130 cnm
327 1071 422 1130 adhuc
442 1071 537 1130 fistula
554 1070 712 1144 laboraret,
735 1073 821 1130 tacito
843 1071 944 1130 morbo
967 1087 1018 1145 per
1041 1074 1130 1128 totam

94 1158 241 1216 civitatem
254 1157 465 1218 Traiectensem
486 1161 636 1216 missarum
657 1158 799 1235 suffragia,
820 1161 943 1216 maxime
956 1157 991 1216 de
1005 1156 1131 1216 Domina

92 1250 189 1302 nostra
211 1262 265 1320 pro
286 1263 340 1304 sua
361 1245 554 1304 incolumitate
585 1246 639 1304 sibi
654 1245 779 1319 impendi
799 1244 962 1320 postulavit.
1005 1244 1043 1302 Et
1065 1245 1131 1318 qnia

92 1329 266 1390 medicinam
295 1332 468 1408 spiritualem
496 1332 654 1391 medicinae
682 1331 821 1406 corporali
841 1332 1019 1406 praeposuit,
1048 1337 1131 1390 ante·

93 1433 178 1498 quam
200 1421 306 1478 missae
339 1426 434 1477 essent
464 1425 662 1494 percantatae,
692 1421 861 1477 sacramenti
888 1421 978 1477 virtus
1005 1417 1131 1476 fistulam
1209 1449 1212 1464 ι

93 1502 241 1585 diruptis),
264 1511 293 1565 et
321 1509 414 1566 sanies
443 1509 543 1581 erupit.
593 1505 697 1578 Sicque
722 1504 896 1580 integraliter
917 1511 1049 1579 sanatus,
1078 1522 1130 1581 pro
1233 1517 1234 1520 ’

92 1593 374 1664 granammactione
389 1595 614 1668 crucesignatus
638 1598 689 1651 est.
731 1591 842 1650 Eodem
863 1597 991 1666 tempore
1012 1593 1131 1651 veniens

92 1676 231 1738 Vercellis
245 1675 266 1758 ⁷)
289 1679 405 1739 domum
419 1680 523 1738 ordinis
537 1681 634 1752 nostri,
656 1677 802 1737 dominum
816 1677 976 1738 Waltcrum
998 1679 1130 1754 quando-

93 1781 146 1838 que
159 1768 332 1842 magistrum
354 1785 445 1841 suum,
466 1773 495 1826 et
512 1772 580 1825 tunc
601 1767 711 1824 noviter
724 1765 830 1825 ibidem
845 1781 1022 1840 conversum,
1043 1764 1129 1825 modo
1165 1767 1168 1772 ’

93 1849 240 1912 Abbatem
259 1852 456 1928 vilariensem,
477 1853 584 1912 ibidem
604 1855 721 1928 repen‘t,
748 1859 778 1912 et
799 1850 946 1926 salutavit,
969 1855 1015 1912 cui
1045 1855 1130 1912 etiarn

91 1953 141 2012 per
169 1939 299 1998 ordinem
320 1939 466 1999 historiam
495 1957 564 1998 suae
591 1939 778 1998 miraculosae
807 1942 959 1998 curationis
986 1942 1130 2013 recitavit,

93 2023 145 2085 hoc
167 2027 319 2086 adiiciens:
342 2026 457 2088 Utinam
478 2027 566 2086 modo
599 2045 657 2085 non
686 2029 785 2086 essetis
806 2027 869 2100 hio,
898 2032 931 2084 ut
947 2026 1030 2085 simul
1051 2043 1130 2084 mare

92 2116 212 2172 transire
233 2131 393 2188 possemus.
436 2113 528 2190 Quem
552 2132 616 2173 cum
641 2109 871 2192 interrogasset⁸)
894 2113 930 2172 dc
958 2113 1131 2188 quibusdam

94 2200 174 2275 ntis,
197 2201 302 2276 quibus
313 2201 393 2260 illum
407 2201 560 2278 aliquando
577 2201 726 2276 subiacere
739 2207 868 2275 noverat,
890 2206 919 2259 et
933 2203 957 2259 si
971 2218 1002 2259 se
1018 2198 1052 2260 de
1076 2199 1130 2258 illis

94 2287 280 2364 emendasset,
301 2294 330 2348 et
342 2287 389 2347 illc
403 2287 604 2363 respondisset,
617 2305 684 2362 non,
701 2288 836 2347 subiecit:
859 2286 942 2346 Certe
957 2286 1048 2346 malas
1061 2303 1131 2362 gra-

93 2373 146 2432 tias
157 2371 178 2454 9)
201 2377 325 2434 curatori
340 2381 368 2434 et
385 2377 516 2434 curatrici
526 2382 639 2434 restrae
653 2374 815 2449 rependitis.
836 2373 943 2434 Postea
953 2391 1022 2434 vero
1037 2373 1130 2432 schis-
1170 2435 1171 2438 ,

94 2475 139 2518 ma
150 2467 269 2538 propter
282 2463 376 2537 ipsum
387 2463 417 2520 in
431 2461 607 2537 Episcopatu
621 2463 797 2522 Traiectensi
810 2468 903 2521 ortum
915 2467 967 2536 est,
982 2467 1011 2520 ct
1025 2462 1131 2520 exstitit

95 2561 178 2607 causa
195 2548 349 2608 multorum
366 2549 515 2608 malorum.
553 2549 635 2608 Haec
656 2550 739 2608 nobis
760 2549 922 2625 praedictus
944 2547 1042 2607 retuht
1063 2546 1130 2608 Ab·

95 2630 143 2693 bas
163 2635 320 2695 Waltenrs.
363 2633 459 2712 Quam
480 2634 648 2695 medicinale
670 2639 706 2694 sit
726 2653 831 2696 nomen
852 2634 976 2709 Mariae,
1005 2634 1130 2710 quodam

94 2720 290 2781 iocundissimo
312 2722 365 2784 tibi
385 2722 511 2799 pandam
531 2722 677 2782 miraculo.

422 2910 656 2973 CAPITULUM
679 2911 798 2972 XXIII.

122 3035 169 3093 Dc
190 3035 307 3106 clerico,
330 3037 378 3094 cci
398 3041 502 3094 coacta
523 3034 627 3093 Marto
644 3051 703 3110 pro
725 3035 831 3109 linquo
852 3031 891 3091 ob
913 3032 1097 3094 attractam

288 3121 439 3180 moeres
458 3125 594 3197 procoso
608 3118 639 3199 ¹⁰)
662 3138 773 3180 novom
794 3123 934 3180 restituit..

154 3241 233 3301 Ante
254 3242 307 3300 hos
328 3259 419 3302 annos
441 3259 507 3301 cum
530 3239 662 3302 catholici
685 3248 783 3301 eontra
799 3223 953 3302 Albienses
970 3242 1129 3302 haereticos

94 3327 209 3388 inissent
230 3329 341 3408 signati,
363 3334 393 3389 et
412 3331 470 3388 iarn
490 3345 548 3388 non
569 3328 714 3388 modicum
736 3331 773 3389 ab
797 3331 907 3390 eisdem.
924 3329 1012 3389 iidem
1034 3335 1130 3388 essent

111 3479 139 3548 1)
156 3479 178 3534 0
195 3478 401 3532 scholarium.
431 3480 502 3533 Ocni.
520 3479 584 3544 viii,
602 3481 644 3532 74.
659 3511 689 3521 -
705 3482 738 3550 2)
756 3481 819 3534 Boo
837 3497 896 3546 pro
914 3483 1032 3533 iuvene
1051 3494 1127 3531 cum.

161 3578 190 3588 -
218 3549 250 3617 3)
272 3548 332 3601 BGP
356 3549 649 3602 circumstantibus.
674 3581 705 3591 —
731 3552 763 3620 4)
781 3551 866 3605 riCDP
888 3551 1015 3602 lectum.
1039 3579 1071 3588 -
1096 3547 1128 3615 5)

158 3634 236 3671 vcro
254 3617 303 3669 add
321 3618 349 3671 B.
363 3649 393 3659 -
409 3621 440 3688 6)
458 3619 478 3674 0
496 3619 650 3686 disrupit.
670 3651 700 3661 -
721 3621 753 3689 7)
771 3621 837 3672 coni.
864 3621 970 3672 Remis
993 3619 1023 3682 ll,
1042 3619 1125 3670 te.-

158 3687 224 3756 8)B
242 3686 351 3757 aliqua
370 3691 622 3759 interrogasset.
651 3690 746 3744 Auctor
762 3690 830 3742 haud
848 3689 923 3741 dubie
943 3689 1056 3756 scripsit:
1074 3685 1128 3736 ad-

158 3759 413 3826 interrogasset.
454 3760 527 3814 Goui.
551 3759 615 3828 Vlll,
639 3761 682 3814 20.
711 3789 743 3804 --
767 3758 843 3830 sib
869 3767 989 3830 gratos.
1018 3783 1049 3798 -·
1078 3753 1131 3821 to).

159 3827 202 3880 Bl)
219 3830 398 3896 praescisa.
794 3829 797 3832 ’
