2506 4254
181 248 243 306 244
494 243 722 306 DISTINOTIO
746 245 903 308 nucula

497 435 730 498 CAPITULUM
750 437 900 499 XXXVI.

233 561 281 620 Dc
301 561 416 620 viatore
436 560 618 620 incendiorio
641 577 728 635 poem
747 560 896 636 stipidum
914 559 1032 636 fucum
1052 563 1155 620 incudi.

242 680 378 740 Rusticus
399 679 515 756 quidam
538 685 637 739 eontra
658 679 746 739 alium
767 680 878 741 habens
899 683 1075 757 iuimicitias,
1099 680 1193 742 cuidam

179 766 304 844 maligno
325 767 433 826 homini
454 767 490 825 de
512 766 609 827 ordine
631 770 782 841 viatorum,
805 768 905 842 quales
927 768 1009 827 multi
1030 775 1101 844 suut,
1119 785 1193 844 pecu·

178 856 255 914 niam
283 854 375 928 dedit,
405 860 438 912 ut
465 852 583 912 domum
610 853 684 914 illius
711 854 883 914 incenderet.
926 854 1022 932 Quam
1044 857 1095 916 sub
1115 856 1193 930 opeda

177 941 320 1018 religionis
347 943 479 1014 intravit,
507 946 536 998 et
557 947 684 1015 tempore
707 943 887 1002 convenienti
909 942 1064 1002 succendit.
1103 942 1193 1000 Imme-

177 1045 239 1088 mor
259 1030 432 1088 miserrimus
452 1027 667 1102 hospitalitatis,
689 1033 842 1103 postquam
863 1029 964 1088 fuisset
975 1025 992 1107 ¹)
1015 1028 1192 1100 reaedificata,

144 1141 147 1154 ·
176 1120 295 1190 accepto
316 1116 407 1191 pretio
421 1116 570 1174 renovavit
583 1114 754 1174 incendium.
786 1115 930 1175 Turbatus
949 1115 1037 1174 homo
1059 1115 1093 1176 du
1106 1115 1192 1174 minuo

178 1203 313 1277 repetito,
334 1217 433 1260 omnes
455 1201 491 1260 de
513 1202 617 1276 quibus
638 1203 830 1276 suspicionem
851 1202 953 1262 habuit
974 1205 1130 1276 accusarit,
1154 1200 1190 1274 qui

175 1303 227 1362 per
239 1287 343 1346 ferrum
359 1287 483 1348 candens
492 1284 512 1366 ²)
528 1305 558 1346 se
581 1295 830 1363 expurgavemnt„
845 1289 949 1348 Denuo
974 1288 1076 1348 domus
1095 1292 1191 1350 incensa

175 1373 356 1434 reaedificata
377 1380 428 1448 est,
450 1381 479 1434 ct
499 1374 603 1434 serrum
624 1374 700 1434 idem
722 1377 752 1432 in
779 1375 914 1451 angulum
935 1377 996 1436 eius
1017 1369 1191 1452 proiectuub.

176 1459 253 1537 Quid
273 1460 376 1536 plura?
410 1461 498 1520 Venit
519 1479 630 1520 rursum
651 1461 761 1536 pseudo
783 1463 875 1520 viator
894 1462 950 1536 ille,
971 1465 1090 1538 antiqua
1110 1476 1190 1522 conu-

174 1552 241 1622 ptus
267 1550 395 1607 avaritia.
437 1547 571 1606 Humane
593 1551 661 1606 satis
683 1554 847 1623 susceptus,
877 1567 943 1608 cum
963 1549 1069 1609 serrum
1087 1552 1138 1610 iam
1156 1545 1191 1604 di·

175 1640 253 1694 ctum
274 1635 407 1707 vidisset,
437 1641 466 1694 ct
487 1636 550 1710 quis
573 1637 633 1694 eius
655 1652 724 1695 usus
752 1642 828 1694 esset
849 1632 1127 1716 adinterrogassetrp
1152 1649 1189 1690 re·

174 1721 289 1798 spondit
308 1722 369 1782 ille:
392 1721 496 1781 Nescio
519 1723 582 1796 quis
604 1721 720 1780 domum
742 1723 817 1781 banc
839 1739 874 1782 en
896 1722 985 1782 altera
1007 1725 1072 1784 vice
1088 1737 1189 1782 succen-

174 1807 231 1884 dit3
252 1814 281 1868 et
303 1826 368 1869 cum
397 1808 433 1867 de
462 1808 635 1885 quibusdam
662 1809 828 1868 habuissem
849 1811 1056 1884 suspicionem,
1087 1806 1188 1869 candens

171 1894 243 1955 illud
263 1901 456 1972 portaverunt,
478 1894 530 1954 scd
550 1914 609 1955 non
626 1903 693 1955 suut
709 1899 810 1955 exusti.
848 1896 929 1956 Tunc
951 1895 1014 1956 ille:
1036 1895 1085 1956 Ad
1097 1895 1188 1970 aliqum

173 1996 242 2042 usus
269 1989 368 2058 posset
395 1985 530 2042 converti.
574 1981 660 2058 Quod
688 2000 754 2042 cum
770 1989 853 2052 ⁴nutu
873 1983 930 2041 Dei
950 1982 1091 2059 levasset,
1117 1980 1188 2042 sicin
1236 2003 1237 2022 ι

172 2086 261 2127 manu
289 2065 437 2148 adustue⁵)
467 2076 524 2144 est,
557 2075 589 2127 ut
618 2086 683 2128 cum
713 2069 836 2130 clamore
864 2069 934 2129 illud
955 2074 1082 2130 iactaret
1122 2062 1188 2146 Quod
1236 2031 1237 2107 l

172 2155 223 2214 nbi
242 2155 444 2232 paterfamilias
466 2156 545 2230 vidit,
565 2155 769 2215 incendiarium
778 2153 799 2236 ⁵)
820 2174 872 2233 per
892 2163 1005 2218 vestem
1028 2164 1131 2232 teneus,
1148 2171 1187 2212 ex·

173 2241 320 2302 clamavit:
342 2244 421 2302 Vere
438 2249 470 2301 tu
493 2260 523 2301 es
544 2259 619 2301 reus.
661 2242 732 2302 Mox
753 2242 791 2302 ad
812 2243 936 2322 iudicem
959 2244 1071 2319 ductus,
1093 2243 1186 2318 culpan
1235 2265 1236 2351 p

171 2328 260 2389 nodet
281 2330 367 2390 vellet
387 2335 432 2388 est
454 2329 599 2389 consessus
609 2325 644 2408 ⁷),
678 2333 776 2404 sicque
796 2348 890 2406 poena
911 2330 995 2391 rotali
1016 2330 1155 2390 damnatus
1163 2321 1187 2404 Ι).

171 2415 264 2475 Multa
293 2419 368 2476 enim
383 2416 556 2475 ‘huiusmodi
582 2416 719 2476 miracula
739 2419 866 2476 invenies
887 2419 916 2474 in
938 2416 1112 2478 distinctione
1131 2430 1185 2474 con·

170 2503 310 2563 fessionis.
352 2501 436 2562 Unde
457 2504 501 2562 his
524 2505 635 2562 omissis
657 2503 806 2563 videamus
828 2503 896 2579 quid
911 2503 992 2563 Deus
1009 2502 1185 2563 miraculorum

171 2591 275 2650 nostris
296 2592 471 2666 temporibus
493 2597 626 2666 operatus
647 2592 733 2649 sitin
755 2606 830 2661 aere,
874 2588 960 2666 Quod
980 2607 1049 2650 vero
1068 2592 1126 2666 ipse
1142 2584 1184 2645 Dei

170 2675 245 2737 lilius
259 2675 347 2736 Jcsus
369 2680 449 2736 visus
471 2679 557 2739 sitin
577 2677 703 2737 nubibus
718 2677 798 2751 coeli,
819 2693 876 2735 noo
891 2682 988 2737 tamen
1008 2679 1038 2735 in
1050 2677 1184 2743 maiestate.
1233 2725 1234 2748 ,

171 2763 222 2826 scd
244 2767 273 2824 in
295 2763 463 2840 humilitate,
483 2763 620 2842 exemplis
641 2766 716 2824 veris
737 2763 789 2824 tibi
809 2769 909 2840 potero
932 2763 1126 2826 demonstare
1233 2749 1234 2841 l

429 3046 943 3112 &viimi-MOM-

189 3541 219 3610 t)
236 3537 259 3592 B
277 3537 349 3590 luit.
370 3569 398 3578 -
419 3537 450 3606 2)
463 3537 531 3592 ‘GFP
548 3539 692 3592 candens
711 3539 923 3606 terrum—3)
941 3539 963 3592 ll
981 3538 1030 3590 add
1053 3545 1141 3590 est·-
1157 3531 1181 3594 ⁴)

238 3605 350 3662 Boou?
367 3609 619 3677 interrogasset.
639 3639 669 3648 -
690 3611 721 3678 5)
738 3608 762 3662 B
779 3617 919 3661 exustus.
934 3639 964 3648 -
984 3611 1016 3674 6)
1034 3605 1076 3661 ui
1091 3609 1182 3658 inccn-

237 3678 373 3741 dariurn3
396 3682 433 3729 sic
451 3677 472 3730 lt
490 3688 516 3730 et
534 3681 559 3730 in
576 3679 659 3736 titulo.
678 3708 708 3718 -
721 3679 754 3746 7)
771 3677 812 3732 FP
831 3677 934 3730 vellet
955 3677 1057 3731 nollet
1077 3669 1182 3728 conier-

237 3763 292 3868 :lm
310 3747 488 3817 est-BJE
506 3756 557 3801 est
574 3749 763 3812 damnatur,
780 3746 999 3801 calamanus
1017 3755 1078 3810 est,
1094 3743 1181 3798 acon

260 3825 417 3872 omnbius.
