2608 4252
161 277 181 335 4
464 270 691 336 Dlsmtcrio
712 272 889 336 SEPTIMA

160 396 269 472 operire
289 393 465 470 viderentur,
494 402 524 454 ct
542 395 669 472 procella
696 395 852 473 procellam
872 395 1035 472 impellens,
1063 395 1197 474 generde

160 481 298 542 diluvium
317 484 401 541 terris
417 485 579 542 minaretur,
610 483 649 541 Et
669 485 744 567 sicut
765 483 873 543 dictum
892 484 945 542 init
959 483 1070 545 Abbati
1089 490 1196 560 nostro,

159 587 226 631 oum
247 569 349 629 eodem
369 587 445 629 anno
467 572 637 628 visitationis
657 573 750 646 gratis
769 570 891 630 Frisium
911 573 1060 646 intrasset,
1084 571 1163 647 quod
1178 568 1196 651 ¹)

158 657 261 716 fluctus
280 656 407 716 furentes
429 659 516 715 etiam
536 674 628 731 usqne
640 654 661 736 ²)
684 657 833 717 Coloniam
853 661 1065 733 pervenissent,
1093 661 1118 718 si
1136 674 1196 718 non

157 745 182 802 is
204 746 253 818 qui
274 759 324 802 ecs
347 746 529 816 excitaverat,
551 741 702 802 Genitricis
723 761 802 819 snee,
823 750 857 802 ut
876 751 978 820 postea
990 743 1107 820 dicetur,
1126 762 1196 821 prc-

158 831 239 890 cibus
252 831 484 904 compescuisset
511 830 538 890 N
540 828 714 890 OVIGIUS:
732 831 815 890 Nosti
828 849 944 890 causam
957 838 1056 892 tacitae
1068 829 1195 910 plagae?

156 915 392 976 MONAOHUS:
413 917 497 976 Novi.
538 916 620 976 Friso
642 917 760 992 quidam
781 924 842 976 arte
855 917 936 994 pugil
955 920 986 976 in
1008 917 1110 978 eadem
1124 935 1195 994 pro-

156 1003 251 1063 vincia
272 1006 392 1078 exstitit,
419 1006 468 1078 qui
497 1007 627 1079 quotiens
649 1004 685 1062 dc
707 1006 827 1064 taberna
848 1005 943 1064 ebrius
963 1005 1062 1079 rediit,
1089 1008 1195 1065 totiens

156 1107 275 1150 uxorem
295 1091 462 1149 verberibus
491 1097 521 1149 ct
550 1090 643 1167 plagis
665 1093 735 1149 satis
756 1089 911 1150 tribulavit
954 1091 1097 1168 Tempore
1119 1109 1195 1168 quo-

157 1177 224 1235 dam
245 1180 346 1252 timore
366 1180 460 1235 mariti
479 1177 672 1236 infirmitatem
692 1178 843 1252 simulam,
871 1195 908 1238 ne
926 1178 1069 1238 simulatio
1092 1179 1194 1238 eadem

64 1293 70 1299 ·
156 1270 255 1340 posset
275 1266 382 1336 notari,
412 1281 515 1338 corpus
536 1263 653 1322 Domini
680 1265 736 1322 sibi
763 1264 823 1322 dari
852 1263 1017 1340 postulavit.
1059 1265 1194 1326 Venienti

155 1352 298 1410 sacerdoti
317 1351 397 1426 pugil
418 1368 484 1410 cum
505 1351 615 1432 scypho
637 1353 774 1410 cervisiae
796 1351 891 1410 ebrius
913 1368 1077 1426 occurrens,
1095 1353 1193 1413 bibere

156 1435 253 1517 eum³)
274 1441 393 1496 monuit
434 1437 473 1495 Et
494 1454 559 1496 cnm
580 1437 627 1496 ille
641 1437 837 1513 responderet:
861 1438 972 1513 corpus
985 1438 1103 1498 Domini
1122 1456 1194 1515 por-

154 1530 201 1598 to,
231 1541 290 1584 non
317 1518 438 1604 modo⁴)
466 1525 580 1598 bibam3
611 1527 701 1582 iratus
721 1525 803 1583 Prisc
833 1541 899 1583 cum
928 1524 1038 1601 scypho
1066 1524 1193 1602 pixidem

154 1614 307 1686 percussit,
329 1619 358 1670 et
379 1628 478 1670 omnes
498 1611 607 1669 hostias
629 1611 665 1670 de
684 1611 734 1670 illa
755 1614 894 1686 excussit,
921 1613 962 1670 ita
981 1617 1015 1670 ut
1034 1630 1087 1687 per
1106 1615 1193 1688 pavi·

154 1705 283 1758 mentum
311 1697 547 1773 dispergerentur.
595 1696 746 1757 Matronae
773 1715 859 1773 vero,
888 1715 962 1774 quse
991 1699 1192 1758 consolationis

154 1787 247 1861 gratia
268 1791 468 1859 convenerant,
489 1801 575 1859 super
595 1785 721 1860 singulas
740 1785 850 1843 hostias
863 1791 1002 1860 tanquam
1023 1784 1121 1844 stellas
1141 1803 1193 1844 ra·

109 1889 116 1906 *
155 1871 265 1931 dientes
286 1871 427 1929 viderunt
471 1870 550 1947 Quas
577 1871 711 1930 sacerdos
737 1888 856 1947 gemens
888 1889 923 1931 ac
945 1872 1044 1930 dolens
1065 1874 1095 1930 in
1115 1873 1192 1946 pixi-

155 1958 221 2017 dem
235 1957 381 2034 recollegit
402 1963 431 2016 ct
452 1958 529 2016 abiit
571 1957 654 2016 Friso
675 1975 745 2017 vero
766 1958 1095 2033 aDecanoprovinciae
1117 1960 1192 2018 cita-

112 2091 114 2093 .
154 2051 209 2118 tus,
231 2047 493 2104 excommunicatus
515 2050 567 2118 cst,
587 2043 638 2103 scd
652 2062 710 2104 non
724 2047 843 2104 curavit
875 2045 932 2120 Qui
944 2044 1061 2104 tandem
1075 2043 1114 2104 ad
1134 2045 1192 2105 hoc

154 2131 320 2207 compulsus
342 2138 393 2204 est,
413 2138 447 2190 ut
468 2148 551 2190 cruce
565 2149 617 2206 pro
639 2138 719 2191 tanto
733 2132 880 2208 sacrilegio
896 2135 1023 2208 signatus
1045 2148 1112 2191 cnm
1132 2134 1192 2191 iam

154 2217 230 2278 dicto
252 2218 401 2277 sacerdote
424 2220 510 2277 ctiam
532 2235 615 2276 cruce
636 2221 748 2294 signato
764 2221 875 2278 veniret
893 2219 1025 2277 Romam.
1060 2217 1113 2278 Cui
1135 2217 1191 2278 do-

153 2307 247 2364 minus
261 2305 407 2365 Honorius
428 2305 510 2380 Papa
531 2304 645 2380 culpam
667 2305 811 2366 confitenti
832 2323 884 2380 pro
898 2308 1074 2380 poenitentia
1093 2307 1191 2364 iniun-

153 2395 209 2466 xit,
238 2399 271 2450 ut
299 2409 377 2472 mare
399 2394 538 2465 transiret,
569 2393 666 2466 ibique
695 2393 785 2450 tribus
814 2395 895 2451 annis
916 2395 947 2449 in
967 2394 1054 2450 armis
1076 2391 1190 2452 Christo

153 2481 272 2538 serviret
283 2476 314 2558 ⁵).
364 2478 441 2553 Quid
468 2477 571 2553 plura?
621 2477 703 2537 Mare
732 2481 904 2537 manderent
931 2479 1034 2553 ambo,
1066 2485 1095 2538 et
1122 2485 1191 2540 ante

152 2565 318 2624 Damiatam
346 2567 464 2640 mortui·
477 2572 544 2622 sunt
564 2566 660 2623 ambo.
704 2564 814 2640 Quibus
837 2565 990 2639 defunctis,
1020 2582 1085 2624 cum
1113 2582 1189 2626 anno

154 2651 256 2712 eodem
277 2651 418 2714 Dominus
438 2653 614 2726 provinciam
635 2652 809 2725 terribiliter,
837 2658 978 2727 utsupra
1000 2651 1108 2710 dictum
1130 2658 1189 2726 est,

152 2739 306 2815 plagasset,
328 2745 357 2796 ct
379 2755 466 2796 causa
486 2737 589 2814 plagae
610 2738 749 2812 populum
769 2737 884 2812 lateret,
906 2745 1053 2798 matronae
1075 2738 1190 2798 cuidam

152 2825 238 2884 valde
251 2825 409 2901 religiosae,
429 2824 555 2882 Domino
568 2826 679 2882 ieiuniis
686 2819 718 2903 ⁶),
739 2826 923 2900 orationibus,
943 2825 1047 2901 vigiliis
1068 2831 1097 2884 et
1110 2825 1190 2886 elce·

150 2908 279 2988 'mosynis
301 2914 445 2985 servienti,
465 2917 634 2970 materterae
655 2911 788 2970 videlicet
810 2911 917 2971 domini
930 2907 1100 2991 Witboldiq
1121 2911 1190 2970 Ab·

151 3000 227 3058 batis
249 3001 340 3058 sancti
360 2998 508 3072 Bemardi,
527 2999 615 3057 beata
634 2998 692 3057 Dei
714 2997 852 3072 Genitrix,
873 2997 997 3058 lacrimis
1019 3000 1079 3057 eins
1100 3005 1190 3074 mota,

151 3085 308 3162 populique
324 3088 448 3159 miserta,
469 3102 611 3160 apparens
631 3087 672 3144 sic
693 3088 749 3144 ait:
770 3085 892 3160 Propter
907 3086 1038 3144 ieiunam
1060 3083 1112 3144 filii
1131 3088 1190 3146 mei

151 3175 181 3231 in
202 3179 413 3232 sacramentnm
434 3174 560 3247 corporis
581 3174 642 3230 cius
662 3172 784 3246 facmm,
804 3172 953 3230 submersa
974 3179 1018 3230 est
1036 3171 1137 3247 Frisia,
1159 3181 1190 3232 et

64 3271 67 3276 ·
150 3259 247 3318 adhuc
268 3260 390 3336 amplius
411 3259 588 3335 plagabitnr,
617 3262 640 3317 si
663 3259 805 3334 condigna
831 3261 1007 3333 poenitentia
1025 3275 1085 3318 non
1103 3259 1197 3326 fucrit,

151 3348 313 3406 subsecuta
356 3346 402 3404 Ex
424 3346 528 3421 quibus
549 3346 644 3405 verbis
666 3345 814 3420 colligitur,
839 3345 917 3418 qnod
937 3362 996 3404 non
1016 3345 1109 3404 solnm
1128 3364 1189 3422 pu-

150 3433 229 3510 gilis,
254 3433 306 3492 sed
329 3434 527 3492 communibus
547 3432 646 3507 populi
666 3433 791 3506 peccatis
813 3431 1007 3507 exigentibus,
1038 3432 1095 3491 hoc
1115 3450 1189 3492 eve-

150 3521 231 3580 nerit
273 3519 402 3595 Moxque
422 3519 527 3578 adiecit
547 3525 638 3578 mater
651 3517 877 3578 misericordiae:
898 3517 980 3578 Lcra
1000 3517 1100 3578 oculos
1120 3526 1188 3578 tuos

169 3707 201 3775 1)
218 3705 302 3776 qnod
321 3722 362 3758 om
381 3705 407 3757 l‘.
425 3734 458 3744 -
476 3703 509 3771 2)
526 3704 570 3756 Ab
587 3717 688 3786 usque
705 3701 751 3753 sd.
766 3733 796 3742 -
814 3701 845 3766 3)
863 3718 932 3753 eum
949 3701 1085 3786 addit:
1099 3701 1188 3786 dipl)

219 3775 311 3828 modo
329 3792 399 3828 nen.
419 3805 451 3815 -
470 3776 501 3842 5)
519 3774 539 3826 G
556 3771 750 3824 deservrret.
770 3801 801 3812 ·-
826 3773 858 3839 6)
875 3771 961 3822 ABDl’
985 3788 1015 3822 ιιι
1039 3787 1186 3825 renuens.

220 3839 1045 3915 -7)cnwicbaldi,1twilttnldt‚l³winiholdi.
