2512 4254
319 284 374 344 DE
394 283 578 352 lewensis
598 281 833 346 VISiONIBUS.
1042 287 1101 344 127

396 453 629 536 esemmuu
657 471 775 556 srva)

132 591 183 656 De
201 597 287 657 deute
308 597 434 657 eiusdem
456 601 508 674 qui
529 605 570 656 est
591 597 674 674 apud
693 614 756 670 noa,
779 605 807 656 et
829 597 864 656 de
884 595 1042 676 virtutibus

455 703 510 761 per
531 703 598 744 eum
617 685 715 760 fastis.

130 801 186 864 Est
198 803 276 881 apud
287 822 340 866 nes
355 805 425 866 dens
443 806 557 866 mulmis
580 811 608 866 et
622 823 743 882 magnus
765 805 892 865 eiusdem
905 805 1103 866 Praecurseris

69 887 192 969 Domini,
211 894 267 969 trie
280 892 391 952 habens
411 909 534 970 eumue,
556 895 605 968 qui
626 894 747 968 qualiter
767 892 805 951 ad
825 910 879 951 nes
901 890 1053 966 devenerit,
1075 898 1103 950 et

70 976 136 1054 quid
169 996 220 1056 per
246 977 328 1038 illum
359 978 437 1056 apud
465 997 519 1040 nos
548 986 681 1055 operatus
709 981 746 1038 sit
766 979 922 1054 Dominus,
956 980 1008 1037 tibi
1028 979 1120 1042 reni.

69 1063 149 1124 tabo.
189 1063 319 1144 Cumque
346 1073 461 1126 nasuta
488 1067 587 1126 fuisset
615 1069 714 1126 civitas
744 1065 1056 1141 Constantinopolitaua
1084 1083 1104 1124 a

71 1165 154 1214 erues
174 1153 305 1229 signetis,
335 1159 365 1212 et
385 1153 489 1220 diversi
510 1153 622 1213 diversa
644 1153 837 1230 diripuissent,
858 1153 1000 1212 Henricus
1021 1151 1103 1212 miles
1128 1151 1129 1156 ’
1224 1212 1228 1220 ,

71 1233 105 1298 de
124 1236 209 1299 Ulme
227 1242 302 1299 inter
321 1239 455 1316 reliquias
476 1240 693 1316 pretiosissimas
715 1242 801 1300 etiam
821 1242 878 1299 iam
901 1240 1008 1300 dietum
1030 1238 1103 1298 den·

71 1328 128 1384 mm
148 1328 238 1385 saneti
250 1325 391 1386 Johannis
411 1327 475 1386 tulit
497 1327 533 1386 de
552 1327 673 1387 eeclesia
693 1333 810 1386 sanetae
831 1327 965 1402 Sophiae.
1008 1326 1102 1403 Quem
1156 1379 1158 1384 .

71 1415 225 1486 repatrians
244 1415 275 1472 in
296 1419 406 1473 tantum
427 1411 532 1489 dilexit,
552 1419 586 1472 ut
605 1417 635 1472 iu
657 1419 750 1472 castro
772 1431 824 1473 suo
847 1414 999 1473 oratorium
1020 1412 1102 1472 aedi-

72 1495 180 1574 litaret,
205 1499 246 1560 ibi
267 1517 333 1560 eum
355 1500 477 1561 uendere
497 1500 597 1561 volens
618 1503 648 1558 in
669 1499 767 1560 altari.¹
804 1500 897 1577 Quem
919 1503 945 1560 ei
966 1516 1102 1576 germana

73 1585 131 1644 elus
166 1587 300 1664 magistra
326 1588 357 1647 in
383 1587 483 1648 Insula
510 1589 601 1648 saneti
628 1586 785 1668 Nyehulai,
824 1592 940 1664 propter
966 1587 1101 1646 affectum

73 1685 158 1745 quem
174 1671 274 1733 habuit
295 1679 325 1734 et
344 1673 433 1734 habet
455 1691 523 1751 erga
544 1673 661 1734 domum
681 1681 822 1748 nostrum,
847 1674 907 1733 dari
927 1674 1010 1733 nobis
1032 1691 1101 1732 sua-

72 1753 147 1840 eit¹),
165 1757 296 1832 sedtuue
307 1761 479 1836 persuadere
491 1778 549 1826 nou
561 1763 663 1838 potuit.
699 1757 760 1836 'Qui
770 1767 836 1836 post
848 1761 937 1820 breve
948 1766 1062 1837 tempus
1082 1779 1102 1820 a

73 1841 206 1906 Waruere
235 1847 271 1906 de
291 1847 416 1920 Benlant
443 1854 558 1924 eaptus,
586 1865 638 1924 spe
660 1850 820 1908 orationum
840 1853 1000 1907 nostramm
1020 1849 1103 1906 iussit

74 1945 140 1992 eum
157 1934 237 1994 uobis
253 1936 414 1994 transmitti.
450 1935 568 1994 interim
590 1934 703 1994 cuidam
724 1952 853 1995 sororum
873 1934 1016 2010 praedicti.
1032 1951 1100 1994 eoe-

74 2019 150 2080 uobii
173 2022 201 2080 iu
227 2023 335 2080 somnis
362 2028 507 2088 ostensum
528 2028 586 2096 est,
615 2021 801 2100 quodquam
824 2024 879 2082 eito
902 2022 972 2082 dens
992 2023 1102 2081 veniret

74 2103 111 2164 ad
141 2105 232 2170 laeum
261 2113 406 2185 nostrum,
421 2145 422 2150 κ
436 2109 592 2168 Heurieum
623 2109 683 2168 iore
709 2108 907 2183 liberandum.
947 2108 1033 2186 Quod
1060 2111 1102 2168 ita

74 2190 175 2254 ustum
193 2194 390 2257 intelleximus.
431 2195 507 2255 Nam
527 2196 609 2255 Prior
629 2202 726 2256 uester
746 2213 797 2272 per
819 2213 904 2272 quem
921 2196 1103 2254 transmissus

76 2285 125 2355 est,
143 2282 171 2340 in
189 2281 306 2342 flumine
326 2281 421 2342 Rheni
440 2282 516 2342 illius
536 2281 676 2342 beneficia
698 2285 855 2342 maximum
877 2285 968 2342 evasit
987 2284 1102 2358 perieu-

75 2362 139 2426 lum
182 2366 323 2431 Henriens
346 2367 448 2430 Comes
469 2357 624 2446 Sepuebsis
651 2369 762 2429 habens
790 2369 908 2428 militem
936 2369 1102 2443 honestum,

76 2451 124 2512 sed
142 2460 233 2516 mente
254 2460 386 2532 captum,
411 2473 477 2516 uum
498 2472 533 2515 eo
545 2455 593 2516 ad
613 2472 667 2517 nos
688 2457 781 2531 veuit,
803 2473 920 2532 sperans
940 2456 1019 2515 illum
1040 2463 1103 2515 tum

76 2540 170 2600 mute
187 2541 386 2618 reliquiarum,
416 2547 478 2602 tum
496 2542 635 2603 beneficio
657 2545 816 2602 orationum
836 2548 996 2602 nostrarum
1015 2560 1102 2618 posse

77 2629 169 2686 sanari.
210 2627 269 2706 Qui
283 2627 369 2690 dente
386 2631 577 2690 saeradssimo
592 2631 719 2708 signatus
733 2637 763 2690 et
778 2636 880 2706 metus,
900 2636 960 2690 tam
982 2629 1101 2690 celerem

91 2864 107 2900 ι
197 2866 203 2880 ι
253 2857 255 2864 ’
379 2885 386 2898 0
491 2869 498 2883 ι
750 2873 755 2882 .

106 2862 1102 3012 ³llll·ltintitulasti.3titt.attitulante.‚tlt

135 3007 287 3058 munasterio
304 3015 405 3072 sanutm
423 3006 532 3075 Sophiae
548 3007 654 3071 tulisset,
671 3007 762 3075 quibus
784 3017 876 3060 terrum
897 3015 1008 3058 nestram
1030 3006 1102 3058 loeu-

134 3072 256 3142 pletavit,
281 3073 382 3129 dentem
400 3078 475 3128 etiam
498 3075 566 3130 beati
587 3076 719 3144 Baptistae
740 3077 860 3130 iohannis
882 3075 975 3128 ibidem
998 3077 1100 3144 reperit.

135 3144 213 3210 Quen
232 3146 259 3198 in
276 3152 372 3198 tautum
391 3144 491 3210 dilexit,
512 3154 541 3198 ut
559 3149 650 3208 aeteus
666 3147 779 3214 reliquiis
796 3145 950 3210 distributis,
972 3147 996 3197 ei
1014 3147 1040 3198 iu
1058 3162 1102 3198 cu-

120 3212 200 3282 pelta
217 3215 295 3270 eaetri
312 3217 351 3268 sui
369 3214 446 3268 altare
464 3215 606 3280 aedificare,
623 3224 649 3267 et
666 3216 702 3266 ibi
713 3231 771 3268 eum
788 3223 910 3282 perpetuo
928 3214 1101 3282 reponendum

135 3293 297 3352 proponeret.
332 3284 431 3337 iuterim
449 3301 465 3336 a
490 3285 610 3338 Wernero
634 3284 667 3336 de
681 3284 792 3338 Bonlant
804 3287 915 3352 capitur;
933 3285 998 3338 datis
1016 3295 1102 3336 tamen

135 3353 273 3418 absidibus,
307 3353 339 3406 ad
356 3363 500 3422 germanam
519 3369 589 3408 susm
606 3357 750 3423 magistram
767 3357 793 3406 in
812 3354 895 3406 lusula
912 3355 992 3406 sancti
1006 3355 1101 3408 Nicolai

136 3425 212 3487 venit,
229 3421 261 3474 ad
280 3424 350 3482 cuius
368 3425 570 3476 instantissimam
588 3426 749 3491 petitionem,
772 3423 889 3492 eoquod
912 3434 993 3476 mater
1014 3439 1101 3476 eorum

135 3491 201 3630 tel
225 3491 389 3616 ”tellit
405 3493 868 3632 ,tittsttltnltttltit
882 3493 994 3616 sidit
1010 3493 1116 3613 ‘tit‘

135 3631 187 3684 tien
203 3645 235 3684 ex
270 3633 376 3686 remisso
392 3634 420 3686 in
437 3634 608 3700 captivitatem
624 3601 749 3699 seierus:
765 3649 814 3686 una
833 3649 946 3686 surorum
964 3633 990 3684 iu
1008 3630 1101 3684 somnis

137 3698 208 3752 buius
269 3703 383 3757 'vacem
400 3701 508 3755 audivit:
539 3702 595 3755 llux
618 3711 647 3754 ut
663 3703 726 3756 deus
743 3703 842 3756 venerit
858 3703 890 3754 ad
909 3701 1003 3756 Vallem
1021 3701 1101 3752 uncti

137 3767 216 3836 Petri,
243 3787 260 3824 a
288 3771 394 3826 vmeulia
417 3780 444 3824 et
460 3774 606 3840 captivitate
627 3769 776 3826 liberabitur
798 3772 929 3824 lieurieus.
970 3767 1042 3834 Quod
1065 3769 1101 3820 itu

137 3837 226 3894 notun
244 3839 309 3896 ett“
328 3869 360 3884 -
380 3841 411 3911 1)
433 3841 520 3896 ΑΒΒΡ
538 3840 627 3909 Quod
650 3841 678 3895 ei
697 3871 729 3884 -··
753 3849 913 3906 nestram,
930 3837 1101 3892 dissuasit.
