2524 4252
173 269 249 366 ‘aar
472 257 698 332 umumom'o
723 271 934 336 muenia

504 461 735 525 cAP1uULUM
755 464 903 526 XXVIII.

187 580 339 642 Damoeta
351 581 526 643 Clementiae
547 587 777 645 sanctimoniam
794 587 936 660 Nioellae,
958 589 1036 646 circa
1047 590 1122 648 atita
1135 603 1199 646 cor·

380 687 440 745 pas
459 674 571 730 inventi
590 679 660 732 sant
680 689 786 732 nonan
807 674 909 733 circuli
927 673 1026 751 sarci.

237 787 286 848 'In
307 789 464 852 Brahantia
478 790 555 866 apud
576 791 718 852 Nivellam
739 796 911 855 monasterio
933 801 1047 854 sanctae
1066 792 1201 854 Gertrudis

187 878 303 954 virginis
335 878 433 953 puella
463 877 605 954 quaedam
635 877 737 940 nobiHs
759 882 879 956 exstitit,
912 879 1067 941 Clementia
1089 881 1201 940 nomine.

115 987 117 991 ·
187 963 270 1023 Haec
285 981 350 1024 cum
363 964 500 1024 suadente
523 965 636 1025 diabolo
657 965 771 1042 lapsum
787 968 879 1026 carnis
899 968 1069 1044 incurrisset,
1086 970 1201 1028 uriom

186 1052 364 1111 innocentiae
385 1069 472 1129 quam
493 1052 641 1128 polluerat,
663 1053 832 1129 quotidianis
852 1053 974 1114 lacrimis
988 1055 1119 1114 mundare
1127 1060 1201 1114 sata·

186 1138 283 1214 gebat.
336 1138 384 1197 Sic
414 1137 509 1198 dedita
537 1146 598 1198 erat
627 1141 761 1216 oporibus
789 1139 1013 1215 misericordiae,
1045 1148 1077 1201 ut
1111 1157 1201 1200 ornnes

187 1241 255 1284 suos
276 1223 403 1284 redditus
430 1227 604 1302 pauperibus
626 1227 784 1302 erogando,
815 1225 885 1285 nihil
904 1244 979 1303 pene
1000 1228 1056 1288 sibi
1074 1229 1202 1288 retineret.

187 1310 329 1385 Tempore
351 1311 476 1387 quodam
498 1314 573 1372 circa
600 1311 709 1389 hyemis
738 1316 920 1390 principium,
952 1332 1019 1374 cnm
1049 1313 1104 1374 lere
1128 1312 1202 1372 nuda

186 1403 270 1472 esset,
291 1399 430 1472 nimisque
452 1405 562 1474 egeret,
588 1400 690 1460 sedens
710 1401 790 1458 iuxta
810 1399 899 1460 altare
920 1406 1037 1460 mactae
1058 1399 1203 1474 Garum,

186 1486 228 1542 sic
249 1485 355 1543 oravit:
378 1483 403 1544 0
427 1484 589 1544 dulcissima
612 1485 725 1545 domina
744 1485 886 1560 quomodo
908 1487 960 1546 tibi
972 1489 1131 1548 serviamus
1152 1487 1204 1546 hae

185 1570 305 1647 hyeme,
334 1588 399 1630 cum
425 1571 501 1638 nihil,
515 1572 659 1632 habeam?
701 1572 812 1632 Eadem
833 1572 905 1632 hora
925 1576 1121 1649 superveniens
1141 1575 1203 1650 qui·

186 1656 252 1717 dam
272 1661 446 1736 peregrinus,
468 1675 532 1718 cum
554 1658 592 1718 ad
613 1661 778 1719 memoriam
798 1659 971 1720 iamdictae
991 1663 1105 1737 virginis
1125 1677 1203 1720 oras-

185 1750 238 1821 set,
259 1747 383 1821 quinque
405 1743 511 1804 solidos
542 1747 571 1803 in
600 1747 692 1804 sinum
715 1745 889 1806 Clementiae
917 1747 1049 1822 iactavit,
1079 1751 1106 1807 et
1129 1748 1204 1808 abiit

185 1831 251 1892 Hoc
273 1834 356 1907 quasi
375 1849 426 1908 pro
449 1825 585 1892 miraculo
606 1835 669 1908 ipsa
689 1832 807 1908 Wigero
828 1833 969 1893 monacho
990 1833 1137 1894 vilariensi
1159 1850 1203 1892 re-

184 1917 257 1993 tulit,
279 1924 306 1979 et
326 1921 387 1994 ipse
408 1917 486 1976 mihi.
529 1918 601 1978 Cum
622 1925 719 1979 autem
739 1925 903 1993 moreretur,
922 1921 1031 1980 inventi
1049 1927 1114 1980 sunt
1132 1921 1202 1980 eirca

185 2021 289 2081 corpus
312 2007 372 2065 eius
392 2023 498 2066 novem
519 2005 615 2069 circuli
631 2006 721 2066 terrei.
754 2005 957 2068 NOVICIUS:
978 2003 1119 2066 hfirabilia
1138 2023 1203 2082 ope·
1237 2080 1242 2094 Ι

184 2097 263 2152 ratur
289 2091 371 2152 Deus
400 2094 428 2150 in
462 2110 533 2151 sexu
560 2092 660 2168 fragili.
703 2091 937 2153 MONACHUS:
969 2091 1051 2153 Licet
1074 2093 1203 2170 propositi

184 2181 242 2238 mei
262 2181 299 2238 sit
319 2181 349 2238 in
370 2179 425 2240 hac
454 2179 632 2248 distinctione
663 2185 775 2238 tantum
803 2185 924 2260 tractare
947 2179 982 2239 de
1014 2181 1204 2254 monentibus,

183 2267 303 2325 referam
323 2267 376 2324 tibi
396 2273 491 2327 tamen
512 2281 563 2340 per
584 2268 763 2325 occasionem
783 2266 868 2325 huius
889 2265 1125 2342 sanctimonialis,
1152 2266 1204 2326 lor-

183 2360 242 2412 tem
262 2355 469 2429 poenitentiam
486 2353 601 2412 alterius
624 2351 771 2412 cuiusdam
792 2352 925 2412 mulieris.

514 2519 745 2606 CAPITULUM
768 2544 888 2604 xxrx.

182 2665 258 2726 ltcm
280 2665 316 2724 dc
338 2665 430 2724 Osilia
451 2665 606 2725 Laodiceni
629 2683 706 2741 qaae
727 2667 841 2724 arealis
859 2665 972 2762 ‘faras
999 2684 1030 2750 sc
1058 2668 1204 2743 lipoaaot

247 2786 313 2848 Non
335 2793 379 2846 est
411 2785 459 2844 diu
481 2785 558 2864 quod
586 2789 666 2863 virgo
697 2784 839 2862 quaedam
859 2785 1027 2848 Leodiensis
1050 2785 1140 2850 Osilia
1157 2803 1205 2846 no·

182 2876 267 2951 mine,
288 2875 343 2934 civi
364 2873 476 2934 cuidam
496 2879 633 2950 nupserat
653 2873 784 2933 Metcnsi.
827 2873 891 2950 Quo
913 2880 1034 2949 mortuo,
1055 2876 1125 2949 quia
1146 2872 1205 2950 pal·

185 2961 254 3022 chra
275 2967 337 3020 erat
357 2957 451 3036 uelde,
474 2963 626 3020 canonicus
648 2961 762 3036 quidam
783 2959 950 3020 Leodiensis
971 2960 1050 3020 illam
1070 2959 1205 3037 duxit,in

183 3054 294 3108 tentum
316 3064 379 3108 eam
401 3065 510 3121 amans,
529 3052 563 3104 ut
583 3065 633 3123 per
655 3047 815 3106 clausuram
836 3047 873 3106 ab
896 3046 1028 3106 humanis
1048 3047 1205 3123 aspectibus

182 3133 260 3193 illam
287 3141 455 3194 removeret.
503 3133 574 3192 Post
602 3136 681 3194 cuius
709 3141 830 3193 mortem
856 3132 913 3194 illa·
935 3134 971 3193 de
997 3137 1123 3210 peccatis
1154 3135 1206 3194 suis

185 3219 292 3295 dolens,
312 3222 391 3280 iuxta
413 3221 563 3280 ecclesiam
584 3223 674 3280 sancti
694 3220 822 3280 Severini
844 3237 875 3279 se
896 3220 1019 3296 reclusit,
1040 3221 1088 3280 ubi
1110 3237 1146 3280 ex
1166 3223 1206 3278 ni·

183 3307 241 3367 mia
263 3309 428 3367 contritione
456 3326 543 3384 saepe
567 3306 697 3366 lacrimas
719 3309 890 3382 sanguineas
910 3306 1044 3383 proludit.
1091 3307 1207 3384 Insuper

184 3399 213 3454 et
233 3392 353 3453 vinculis
374 3394 470 3458 terreis
499 3412 530 3455 se
550 3393 633 3470 ligari
652 3394 726 3452 lecit.
770 3392 842 3452 Cum
864 3395 967 3469 quihus
996 3411 1061 3454 cum
1087 3395 1208 3454 stetisset

182 3483 211 3540 in
234 3481 370 3555 oratione,
391 3482 486 3539 omnia
507 3481 619 3556 dirupta
631 3475 647 3559 ¹)
670 3487 744 3539 sunt.
797 3479 913 3538 Timone
933 3496 1002 3541 vero
1025 3478 1208 3540 adomm-

183 3567 249 3631 cula
269 3567 333 3628 Deo
355 3565 413 3626 non
435 3583 498 3626 esse
526 3573 659 3643 accepta,
688 3565 813 3626 seeundo
835 3567 923 3644 ligata
945 3572 997 3626 est
1039 3565 1124 3644 Quod
1145 3585 1207 3628 eum

181 3656 313 3720 confessa
332 3653 432 3714 luisset
452 3652 561 3713 Abbati
581 3655 672 3714 sancti
692 3653 837 3713 Lamberti
845 3650 875 3733 ²),
897 3652 1039 3712 dolentem
1061 3652 1208 3715 consolans

199 3775 229 3847 1)
247 3772 290 3830 CF
308 3773 468 3840 disrupts3
492 3771 529 3822 sic
545 3779 572 3821 et
588 3770 699 3823 interius.
712 3799 743 3810 -
762 3771 794 3838 2)
812 3769 889 3823 Vallis
906 3771 986 3823 sancti
1003 3769 1139 3838 hardberti,
1167 3770 1208 3826 ab·

230 3845 316 3899 obstin
333 3842 427 3897 ordinis
445 3841 668 3907 cisterciensem
686 3840 800 3894 Diocaesi
816 3839 954 3897 Leodiensi.
1046 3861 1050 3870 ’
