2608 4252
425 287 481 347 DE
502 284 660 350 siricus
679 285 822 346 MARIA.
1118 287 1136 346 5

107 412 203 470 contra
223 425 313 468 marc.
356 407 441 484 Quod
462 427 529 469 cum
548 409 669 483 fecisset,
690 377 882 484 contemplata
911 414 955 468 εει
973 407 1139 482 pixidema

106 495 199 574 pugile
227 511 409 572 percussam,
441 498 471 554 iu
492 497 654 555 summitate
681 495 821 554 fluctuum
848 499 1003 553 natantem.
1057 493 1138 570 Quae

107 599 170 644 cum
186 583 217 642 iu
230 589 342 642 tantum
354 585 581 659 approximasset
593 579 618 661 ¹),
639 589 672 641 ut
684 587 783 656 posset
796 584 930 658 cognosci
937 577 967 660 ²),
988 583 1042 640 ait:
1063 581 1139 642 Ecce

108 685 208 746 corpus
229 669 279 728 tilii
300 671 365 729 mci.
407 669 443 728 In
463 669 528 729 loco
550 671 624 728 euim
645 670 695 728 ubi
709 669 867 745 dispersum
881 673 940 742 xcst,
962 667 1139 728 aedificanda

107 763 148 816 est
169 755 306 830 ecclesia,
335 761 364 815 ct
386 756 472 816 debet
494 758 520 815 ei
542 761 623 815 tenta
643 747 769 815 exbiberi
790 756 965 828 reverentia,
995 753 1138 828 quomodo

105 841 255 918 sepulchro
276 843 438 902 Dominico.
480 843 546 902 Hoc
567 845 653 902 etiam
673 843 800 918 noveris,
830 841 908 917 quod
928 842 1014 900 ambo
1035 844 1139 900 mortui

106 935 184 1004 suut,
213 929 295 1006 pugil
322 929 430 989 scilicet
461 935 490 989 et
518 930 659 988 sacerdos.
702 929 761 990 Sed
786 929 880 1006 pugil,
910 945 944 988 co
974 927 1051 1004 quod
1078 930 1138 986 siue

107 1018 273 1076 contritione
295 1017 403 1091 obierit,
424 1018 553 1092 sepultus
575 1023 620 1075 est
639 1019 668 1074 iu
689 1017 813 1093 iniem03
838 1016 973 1075 sacerdos
994 1031 1063 1074 vero
1085 1013 1139 1072 ed·

105 1101 160 1162 buc
180 1109 295 1162 teuctur
314 1105 344 1163 iu
364 1104 537 1180 purgatorio.
579 1103 689 1162 Retulit
716 1110 812 1162 tamen
841 1104 924 1162 nobis
945 1101 1138 1161 Theodericus

105 1188 184 1249 Prior
199 1189 235 1249 de
249 1189 349 1265 chse,
371 1190 494 1250 eundem
514 1189 648 1266 pugilem,
670 1197 807 1266 quantum
829 1190 970 1266 adsigna
992 1189 1140 1262 exteriora,

106 1293 170 1335 cum
190 1276 429 1351 proficisceremur,
450 1279 520 1336 satis
540 1295 675 1353 maguam
696 1277 832 1337 babuisse
854 1278 1065 1352 contritionem
1086 1274 1138 1335 sed

106 1361 278 1422 credendum
305 1370 349 1423 εει
375 1357 557 1423 beatae'Dei
585 1364 729 1424 Genitrici.
779 1363 845 1422 Hac
870 1365 980 1422 visione
1009 1364 1137 1438 cognita,

105 1447 235 1510 dominus
248 1449 441 1511 Theodericus
455 1450 614 1527 Episcopus
628 1450 870 1526 Monastericnsis,
892 1449 930 1508 ad
952 1452 1032 1509 cuius
1045 1450 1138 1508 Dioc-

105 1538 191 1596 ccsim
218 1539 344 1596 maxima
370 1555 437 1613 pars
457 1537 566 1597 Frisiae
594 1539 729 1613 pertinet„
757 1539 852 1596 missis
879 1536 979 1595 litteris
1007 1538 1067 1618 suis
1087 1553 1138 1612 per

105 1622 229 1682 Ydidam
242 1625 335 1683 sancti
346 1623 486 1684 Bemerdi
499 1624 683 1700 cellerarium,
703 1626 777 1683 sicut
788 1625 871 1684 nobis
882 1626 944 1699 ipsc
955 1622 1058 1698 retulit,
1078 1622 1138 1682 sol·

104 1708 227 1770 lemucm
242 1711 465 1786 provincialibus
481 1713 685 1788 poenitentiam
705 1713 832 1770 iniunxit.
876 1710 963 1786 Quod
975 1715 1072 1770 autem
1091 1712 1139 1768 in·

104 1796 246 1858 sufficiens
265 1797 358 1872 fuerit,
379 1815 414 1858 cx
435 1798 491 1856 hoc
511 1799 655 1874 probatur,
677 1797 755 1874 quod
775 1814 850 1856 anuo
869 1798 1021 1872 praeterito
1044 1780 1137 1856 denuo

103 1887 203 1960 prmita
223 1890 268 1944 est
288 1884 395 1960 Frisia,
426 1883 523 1944 multis
552 1885 676 1944 millibus
697 1901 749 1960 per
777 1901 917 1960 aquarum
938 1883 1138 1943 inundationes

103 1972 267 2030 submersis.
308 1971 442 2031 Matrona
464 1971 604 2046 quaedam
632 1970 783 2047 praeduce
813 1988 848 2030 ex
875 1970 1014 2047 praedicti
1033 1969 1138 2046 pugilis

104 2057 189 2117 domo
212 2056 364 2118 ecclesiam
384 2057 554 2118 aedificavit.
595 2057 640 2119 Ex
661 2058 705 2116 his
727 2075 801 2132 quae
823 2057 900 2117 dicta
928 2063 1008 2133 sunt,
1042 2057 1137 2116 cousi-

103 2143 201 2204 dcrare
222 2150 314 2219 potes,
337 2161 424 2220 quam
445 2144 566 2204 sollicita
587 2147 623 2203 sit
644 2146 718 2204 circa
739 2144 887 2204 hominum
908 2143 1028 2203 salutem
1050 2145 1138 2202 beata

103 2228 193 2308 Virgo
213 2229 321 2306 Maria,
350 2233 396 2290 cui
422 2236 503 2290 tante
531 2248 600 2290 cura
626 2233 731 2292 exstitit
759 2232 795 2291 dc
820 2233 1003 2308 poenitentia
1052 2229 1138 2306 Quod

104 2335 171 2378 vcro
192 2317 392 2378 tribulatorum
412 2320 450 2377 sit
470 2316 648 2394 consolatrix,
669 2320 819 2394 sequentia
839 2317 1034 2378 declarabunt

460 2506 699 2570 cAPITULUM
720 2509 774 2570 IV.

100 2629 148 2690 De
168 2629 321 2690 eacadote
341 2630 449 2704 idiota,
479 2633 531 2707 qui
552 2649 573 2689 u
593 2637 695 2691 sancto
719 2631 833 2690 ibono
855 2629 1064 2690 Centauricus·
1085 2631 1136 2688 dc-

120 2717 278 2794 9radatus,
294 2735 352 2794 pcc·
374 2715 490 2776 beatam
504 2717 637 2777 Mariam
660 2717 789 2794 officium
810 2735 899 2776 ouum
922 2719 1117 2793 recuperavit.

162 2837 275 2900 Retulit
302 2838 371 2899 mibi
400 2839 517 2916 quidam
537 2837 640 2899 Abbas
662 2838 697 2900 de
720 2838 817 2900 ordine
838 2845 950 2912 nostro,
978 2839 1016 2898 de
1036 2845 1136 2898 sancto

100 2924 213 2987 Thomu
235 2923 445 3002 Cantuariensi,
469 2929 519 3003 qui
539 2929 641 2986 nostris
663 2927 838 3003 temporibus
860 2927 1059 3001 martyrisatus
1080 2933 1136 3000 cst,

100 3013 238 3092 qrdddam
258 3015 329 3074 satis
350 3011 633 3090 delectabile,.quod
653 3031 707 3074 nec
727 3017 757 3072 iu
779 3015 839 3074 eius
860 3013 998 3076 Passioue
1019 3013 1136 3090 legitur,

99 3117 192 3178 neque
219 3102 249 3159 in
282 3100 362 3162 libris
390 3099 594 3162 Miraculorum
624 3103 684 3160 eius
711 3101 858 3176 reperitur.
902 3099 976 3159 Cum
1004 3107 1081 3162 esset
1107 3103 1136 3158 in

99 3190 160 3248 cius
181 3187 318 3248 Dioeccsi
339 3189 472 3248 sacerdos
501 3187 617 3264 quidam
637 3187 741 3262 idiota,
769 3186 878 3246 nullam
904 3189 997 3247 sciens
1019 3189 1136 3246 missam

99 3276 152 3334 nisi
174 3276 210 3336 de
230 3273 360 3336 Domina
386 3281 498 3350 nostra,
532 3281 561 3334 ει
587 3274 664 3333 illam
693 3273 820 3350 quotidie
849 3274 1020 3349 celebraret,
1048 3281 1135 3349 atquc

98 3362 176 3438 apud
205 3379 273 3422 euru
302 3361 338 3422 dc
365 3361 423 3422 boc
443 3368 642 3437 accusaretur,
670 3361 830 3438 prohibitus
859 3368 903 3420 est
932 3362 969 3420 ob
998 3361 1135 3420 honorem

98 3451 310 3510 muamcnua
336 3449 422 3510 beato
444 3449 603 3525 Episcopo,
632 3449 668 3508 de
696 3456 788 3508 cetero
812 3449 907 3508 dicere
926 3451 1037 3508 missas.
1080 3446 1135 3523 Qui

99 3551 165 3596 curn
186 3541 263 3596 esset
282 3538 312 3594 in
325 3536 507 3596 tribulatione
530 3542 558 3594 et
580 3541 684 3612 egeret,
704 3537 877 3611 beatamque
891 3535 1039 3611 Virginem
1058 3534 1135 3610 iugi·

100 3627 142 3682 ter
161 3625 325 3697 invocaret,
352 3621 402 3682 illa
423 3625 449 3683 ei
470 3639 612 3699 apparens
641 3625 694 3682 aits
724 3622 808 3684 Vade
830 3622 869 3681 ad
888 3622 1078 3698 Episcopum,
1107 3625 1135 3678 et

99 3708 144 3772 dic
165 3711 192 3770 ei
213 3726 251 3770 ex
278 3714 360 3785 parte
380 3727 459 3786 mea,
487 3715 629 3785 quatenus
657 3710 709 3768 tibi
736 3711 868 3770 resumat
893 3708 1018 3772 officium
1045 3713 1138 3768 turuu.

116 3859 146 3930 i)
163 3858 185 3915 G
202 3860 513 3932 appropinquasset.
530 3891 564 3902 -
581 3861 615 3931 2)
633 3859 672 3915 ΟΡ
690 3862 837 3934 agnosci
