2506 4254
422 281 479 342 uu
503 280 730 372 rflnnotmrp.
1031 286 1090 344 ιιι

67 402 164 462 lterum
184 403 310 479 minncs3
336 402 408 463 iorte
436 404 586 465 subnecte
603 407 731 482 recipies.
774 403 860 481 Quod
882 421 948 465 cum
968 405 1093 481 mense,

65 491 205 550 nolentiam
229 492 378 566 pristinem
406 493 521 567 recepit
563 494 592 550 A
613 493 747 551 Donsdto
765 492 884 568 factum
905 499 947 551 cet
966 491 1092 566 tstud¹),

64 577 133 636 sieut
154 577 402 656 etproeeedentlo,
425 585 453 638 et
474 585 519 637 est
529 577 663 637 mirabile
683 583 716 637 tn
738 579 828 638 oculis
843 576 990 656 metrisss.
1020 579 1093 639 Aliis

65 665 145 723 etiem
164 681 216 742 per
236 664 309 725 elios
329 664 473 724 Dominus
493 665 592 724 tribuit
611 667 733 742 gretiam
754 667 916 725 scultetum.

430 853 663 916 emmenum
683 855 722 918 v.
765 873 769 880 ·
974 927 977 934 Δ

86 975 131 1040 Do
151 993 293 1042 wneerco
311 959 508 1038 medicem
528 979 613 1042 cuim
634 983 719 1040 motu
737 978 848 1056 edunt
866 975 1065 1042 emansores.
1107 1049 1110 1054 r

120 1111 155 1172 In
181 1111 354 1176 Eberbacho
384 1131 538 1174 conversus
567 1114 683 1194 quidem
712 1117 834 1191 exstitit,
862 1116 949 1175 homo
970 1113 1092 1192 simplex
1138 1143 1144 1158 ν

63 1197 200 1276 othonus,
221 1203 324 1262 aetatis
340 1201 509 1278 decrepitae.
550 1201 628 1261 Huic
644 1201 785 1262 Dominus
802 1209 912 1262 tentem
934 1201 1091 1263 contulerat

62 1288 184 1363 gratiam,
209 1293 242 1346 nt
262 1295 341 1348 tectu
362 1307 464 1348 munus
487 1291 548 1350 eius
569 1288 700 1349 diversae
720 1289 897 1350 infirmitates
918 1289 1091 1366 fugarentur.

62 1369 141 1446 Quod
160 1375 212 1434 ubi
232 1375 427 1435 saecularibus
449 1381 626 1451 compertum
648 1382 706 1449 est,
728 1394 763 1436 ex
785 1383 905 1451 utroque
927 1394 1007 1452 sexu,
1029 1382 1090 1435 tam

63 1455 157 1520 divites
170 1478 258 1537 quern
275 1479 425 1538 pauperes,
445 1464 538 1538 gratie
558 1465 714 1521 sonitatum
734 1462 773 1522 cd
793 1465 998 1522 monesterium
1018 1479 1090 1522 con·

61 1542 190 1623 fluentes,
217 1551 352 1610 virtutem
379 1549 584 1610 benedictionis
613 1551 673 1610 eins
702 1555 859 1614 senserunt
901 1549 946 1612 ux
968 1567 1090 1626 quorum

62 1646 194 1693 concursu
214 1635 315 1696 videns
332 1635 435 1694 Abbes
454 1636 573 1696 lrutrum
587 1638 713 1712 quietem
727 1637 835 1695 turbari
846 1632 863 1715 ¹)
880 1642 909 1694 et
923 1635 1040 1695 domum
1059 1637 1089 1694 in

62 1723 186 1794 expensis
205 1739 264 1782 uon
279 1722 424 1784 modicum
442 1723 563 1802 grenan,
585 1723 676 1782 eidem
699 1737 836 1782 converso
859 1739 896 1781 ne
917 1722 1002 1782 elicui
1022 1737 1090 1782 see·

62 1804 143 1868 culed
171 1807 207 1870 de
233 1815 329 1869 cetero
351 1827 452 1872 manus
473 1812 632 1885 imponeret
652 1811 806 1886 proecepit.
848 1807 887 1868 Et
909 1810 1032 1870 cessavit
1053 1825 1102 1868 ex.

61 1887 104 1950 ila
129 1893 202 1955 hora
232 1897 262 1956 ln
289 1911 324 1956 eo
353 1898 442 1955 virtus
471 1897 681 1956 miraculorum.
730 1896 813 1956 Haec
842 1895 912 1954 mihi
940 1902 1006 1970 ente
1032 1895 1089 1955 hec

61 1975 200 2041 biennium
221 1997 286 2042 oum
309 1999 401 2046 essem
423 1984 452 2040 in
466 1982 647 2058 Eberbecho,
668 2001 686 2043 a
706 1982 855 2042 monachis
875 1985 994 2043 recitato
1014 1988 1089 2042 sunt.

61 2059 118 2141 Ego
138 2085 207 2128 vcro
228 2071 322 2128 virum
344 2076 475 2132 sanctum
496 2070 568 2145 odil,
591 2077 619 2129 et
641 2087 706 2130 curn
727 2087 874 2147 rogassem
896 2087 961 2129 eum
982 2077 1014 2129 nt
1034 2087 1087 2146 pro

61 2165 102 2210 me
122 2161 222 2231 oraret,
244 2155 407 2236 simpliciter
428 2157 590 2234 respondit:
612 2157 746 2238 Quotidie
768 2174 818 2216 oro
839 2173 892 2237 pro
914 2164 959 2233 te,
984 2162 1015 2216 et
1034 2173 1087 2232 pro

61 2242 115 2300 toto
142 2241 258 2304 mundo.
307 2241 510 2308 NOVICIUS:
551 2244 662 2321 Quibus
695 2245 829 2325 operibns
857 2251 982 2304 meretur
1007 2249 1088 2303 tante

61 2327 167 2402 pata?
208 2327 445 2394 MONACHUS:
470 2329 610 2411 Exemplo
631 2349 689 2392 non
710 2331 805 2392 verbis
826 2331 1005 2412 respondebo
1026 2329 1087 2389 tibi.

419 2520 652 2586 emmenum
672 2506 730 2585 vn

60 2633 263 2703 Demonacte
276 2649 474 2718 coemptam
489 2645 696 2718 imperalium
718 2649 803 2704 cutem
824 2651 907 2705 taetre
927 2647 1084 2706 wtc'toett·

345 2735 445 2790 iormu
465 2730 576 2806 infir-roi
594 2731 792 2792 εωιαὸαιιιιιι.

115 2864 222 2932 Retulit
241 2870 325 2932 nobis
345 2887 436 2948 nuper
452 2867 555 2932 Athos
578 2869 694 2947 quidm
716 2870 820 2932 ordiris
841 2871 930 2932 nostri
952 2868 987 2929 de
1010 2885 1084 2952 qno-

61 2943 120 3012 dem
146 2955 303 3032 monacho,
332 2959 377 3020 oui
404 2963 485 3018 tante
506 2975 524 3017 a
544 2957 670 3020 Domino
693 2974 829 3018 concesse
851 2963 895 3019 est
915 2958 1021 3034 gretie²
1051 2963 1085 3017 nt

60 3036 155 3104 vlrdrte
168 3046 402 3106 vestimentorum
417 3046 477 3108 eius
498 3044 580 3106 multi
601 3051 776 3106 cancrentur.
819 3042 922 3119 Saepe,
942 3045 966 3106 ei
986 3050 1083 3109 tumen

61 3120 146 3188 adhuc
165 3132 251 3205 visit,
280 3130 348 3192 dum
369 3131 469 3194 iratres
490 3138 586 3196 vestes
609 3133 669 3192 eius
690 3130 828 3204 induunt,
849 3129 896 3194 vel
918 3129 1030 3208 cingulo
1052 3148 1084 3192 se

61 3209 181 3292 demunt,
208 3223 354 3280 sonentur.
397 3217 483 3294 Quod
512 3236 578 3280 cum
602 3225 729 3293 tempore
751 3218 877 3293 quodem
898 3215 1001 3278 Abbes
1023 3219 1084 3279 eine

61 3299 270 3379 tunsiderasset,
298 3322 352 3364 nec
380 3304 488 3380 aliquid
515 3303 698 3380 specialitatis
726 3306 756 3362 in
777 3302 855 3386 illo⁸)
877 3303 1014 3379 vidisset,
1038 3303 1084 3363 his

60 3385 145 3448 verbis
171 3407 237 3450 eum
265 3393 401 3452 secretius
429 3391 570 3452 allocutus
599 3398 658 3454 est:
684 3391 740 3454 Dic
769 3391 838 3451 milri
861 3392 914 3466 lili,
943 3396 1084 3468 quaeest

60 3475 295 3540 succentorum
309 3477 530 3542 miraculorum?
572 3477 734 3555 Respondit
750 3477 812 3540 ille:
833 3477 937 3540 Nescio
960 3477 1083 3540 domine.

60 3549 116 3618 Neu
139 3563 204 3642 plus
231 3565 335 3624 ceteris
360 3565 494 3626 leonibus
523 3581 591 3641 oro,
617 3581 676 3625 nnn
702 3565 768 3642 plus
796 3568 908 3642 ieiuno,
938 3581 997 3624 non
1016 3563 1082 3639 plus

61 3641 149 3726 Vigilo,
175 3665 235 3711 non
261 3649 328 3732 plns
348 3650 461 3727 lubom3
490 3651 652 3714 sedunum
674 3654 750 3729 scio,
778 3653 856 3730 quod
877 3667 925 3712 rne
946 3648 1081 3712 extollere

76 3841 157 3916 1)ΑΙ)
173 3850 267 3908 illud.
285 3881 317 3897 -
335 3853 369 3926 2)
386 3852 450 3909 l'rel
470 3854 529 3924 tlt,
545 3857 589 3912 2³.
607 3885 639 3904 -ι
657 3855 690 3926 a]
707 3855 775 3911 ΑΒΕ
792 3857 826 3909 ln
841 3870 886 3908 eo,
