2524 4252
376 255 431 315 DE
450 253 730 316 MOROENTIBUS.
1005 253 1067 312 ast

70 383 122 436 snut
138 377 287 452 importuni,
310 375 379 452 quid
398 375 432 434 fit
452 375 489 435 de
508 375 647 450 reprobis,
668 391 791 450 quornm
810 380 932 450 meato
951 381 1070 434 amoto·

69 481 119 520 rum
135 463 289 539 angelornm
308 462 465 538 impediunt
483 461 646 538 praesidia?
687 459 923 520 MONACHUS:
944 459 991 520 De
1011 459 1069 522 hoo

69 551 124 608 satis
145 549 262 608 dicturus
290 567 355 608 sum
381 551 412 607 iu
437 550 630 624 sequentibus
679 547 759 608 Mors
786 547 918 606 Konouis
949 547 1070 606 aliorum

69 635 167 694 miitum
186 637 276 696 obitus
296 635 334 696 ad
354 638 520 695 memoriam
539 636 610 694 mihi
629 641 760 710 revocat,
787 636 838 710 qni
856 633 933 694 maie
954 633 1070 709 quidem

69 723 182 798 vixerant,
200 722 251 782 sed
269 722 344 782 ieliei
363 722 421 782 fine
442 722 633 782 decesserunt

360 871 592 973 daemonnm
611 909 762 992 xvnrf)

224 1036 271 1095 De
290 1041 384 1094 mmtc
404 1035 553 1110 Lndolphi
573 1036 710 1094 monaehi
730 1036 766 1094 dc
786 1037 893 1094 Porta

118 1158 179 1217 Etat
199 1156 313 1233 qnidam
338 1156 420 1215 miles
447 1158 476 1214 in
506 1154 633 1215 Saxonia
659 1155 828 1232 Lndolplrus
856 1159 986 1229 nomine,
1017 1154 1070 1214 sed

68 1249 182 1318 tutunus
202 1246 321 1304 actione.
361 1243 418 1303 Hic
439 1242 562 1302 cumdio
583 1242 709 1318 quadam
729 1245 858 1303 vestibus
879 1247 962 1302 novis
982 1249 1070 1317 atque

69 1329 200 1390 scarlaticis
211 1327 228 1408 ¹)
249 1330 362 1388 indutus
382 1333 474 1389 invia
495 1331 642 1403 equitaret,
662 1333 801 1390 rusticnm
822 1349 887 1389 enm
909 1347 993 1390 curru
1014 1331 1070 1388 ob-

69 1416 130 1474 vium
147 1417 251 1476 habuit.
294 1416 381 1478 Gnins
394 1435 460 1475 cum
479 1419 649 1474 vestimenta
661 1435 697 1477 ex
717 1425 843 1476 rotarum
863 1417 989 1493 impulsu
1008 1416 1070 1475 luto

69 1511 269 1579 aspergerentur,
289 1506 349 1580 ipse
360 1511 459 1578 utpote
469 1503 550 1562 miles
561 1505 701 1579 superbus
722 1512 882 1564 commotus
902 1504 996 1578 valde,
1018 1521 1071 1562 er-

68 1595 142 1649 tracto
160 1589 261 1666 gladio,
281 1591 387 1648 homini
406 1589 510 1666 pedem
531 1593 699 1666 amputavit.
741 1591 797 1667 Qui
813 1599 916 1666 postea
927 1590 993 1649 Deo
1015 1593 1071 1648 rni-

69 1683 161 1735 serante
182 1677 216 1736 de
237 1679 361 1753 peccatis
382 1681 441 1736 suis
462 1676 577 1751 dolens,
598 1679 629 1734 iu
649 1676 734 1736 domo
757 1677 864 1737 ordinis
883 1679 973 1736 nostri
994 1693 1085 1752 quae·
1123 1717 1127 1722 -

69 1761 139 1822 Porta
150 1771 274 1838 vocatur,
294 1764 387 1824 iaetus
407 1758 451 1823 e'st
462 1763 632 1822 monachus.
672 1765 744 1824 Nom
760 1764 850 1825 multo
870 1771 938 1840 post
957 1766 988 1821 in
1000 1779 1070 1839 gra·

70 1865 122 1907 vem
144 1850 329 1910 infirmitatem
356 1851 498 1926 incidens,
527 1868 594 1911 cnm
615 1851 741 1926 qnotidie
762 1871 781 1912 a
803 1869 835 1910 se
862 1847 967 1930 male2)
989 1867 1070 1910 eom·

70 1937 140 1996 missa
160 1936 353 2014 deplangeret,
380 1945 409 1996 et
430 1940 554 1998 maxime
581 1939 771 2000 abscisionem
792 1942 850 1997 iam
879 1938 947 1996 dicti
973 1937 1070 2014 pedis,

71 2021 200 2083 trimano
221 2041 252 2084 se
274 2024 430 2084 consolanti
453 2025 612 2100 respondit:
638 2025 705 2084 Non
725 2034 825 2101 potero
847 2024 996 2099 consolari,
1016 2025 1071 2082 nisi
1120 2030 1125 2042 ·

70 2107 150 2169 nidero
170 2112 248 2187 signa
267 2111 326 2170 Job
347 2114 377 2190 iu
399 2129 516 2188 corpore
537 2129 611 2170 meo.
653 2113 692 2170 Et
712 2130 780 2172 ecee
799 2119 866 2188 post
887 2113 948 2172 dies
962 2127 1072 2187 paucos

71 2198 220 2268 cyeatricem
239 2198 277 2258 ad
298 2200 386 2258 instar
413 2198 455 2256 tili
481 2201 606 2258 coccinei
634 2200 842 2276 contemplatus
869 2207 914 2258 est
935 2201 1011 2258 eirea
1024 2204 1072 2256 tu·

70 2278 117 2339 inm
134 2291 222 2360 suum,
242 2288 270 2342 iu
292 2284 392 2346 eodem
413 2285 486 2361 pede
514 2293 544 2345 et
564 2288 593 2343 in
614 2287 717 2345 eodem
737 2287 801 2346 loco
822 2286 874 2344 ubi
893 2289 999 2344 rustico
1018 2302 1073 2360 pe-

71 2364 122 2426 dem
137 2376 319 2431 tumcaverat
362 2371 419 2448 Qui
438 2373 577 2448 paulatim
606 2376 700 2449 coepit
721 2381 957 2450 computrescere,
978 2374 1020 2430 ita
1041 2378 1074 2430 ut

71 2469 165 2516 vauca
192 2457 225 2516 de
253 2475 287 2518 eo
308 2462 484 2519 scaturirent
526 2460 608 2519 Tune
629 2461 754 2536 repletus
780 2460 885 2538 gaudio
906 2462 962 2518 ait:
984 2457 1074 2517 Modo

71 2537 99 2598 de
111 2545 188 2602 vania
206 2561 296 2620 spero,
317 2542 476 2622 quiasigna
487 2545 642 2606 Jobvideo
662 2550 691 2606 iu
713 2565 832 2622 corpore
852 2563 927 2606 meo.
968 2545 1075 2620 Sicque

70 2627 92 2683 in
114 2629 198 2690 multa
224 2632 314 2692 cordis
335 2636 505 2693 contritione
524 2641 611 2708 atque
631 2637 788 2710 gratiarum
808 2637 935 2706 actione,
962 2631 1075 2690 invale-

71 2721 152 2774 scente
172 2719 283 2792 morbo,
310 2722 438 2794 spiritum
464 2720 596 2780 reddidit
635 2721 719 2780 Haec
739 2721 808 2780 mihi
834 2721 925 2780 relata
944 2725 1011 2777 suut
1036 2718 1074 2776 ab

71 2796 171 2864 Abbate
188 2804 332 2880 Livoniae,
353 2808 402 2882 qni
421 2807 495 2866 iilius
516 2814 561 2867 est
580 2807 682 2868 domus
702 2808 892 2884 supradictae.

378 2997 609 3059 onemundus
631 2996 750 3078 xnus)

103 3114 144 3174 De
161 3126 252 3180 morte
272 3119 389 3180 Aliordi
409 3121 546 3180 mornacii
567 3122 603 3181 de
623 3121 728 3181 Laeta
748 3125 797 3181 esai
819 3120 951 3180 Christus
972 3138 1039 3179 cam

267 3214 362 3266 ordire
383 3215 410 3266 ei
430 3213 538 3268 sanctis
559 3213 695 3268 mortarii
716 3212 866 3286 apparuit.

125 3321 240 3386 Alterins
262 3327 408 3388 cuiusdam
428 3329 525 3388 militis
546 3337 669 3390 mortem
692 3330 778 3390 vaide
803 3331 958 3405 pretiosam
986 3325 1080 3388 retulit

73 3405 230 3472 mildridam
242 3415 399 3474 monachus
420 3416 455 3476 de
468 3417 570 3476 Lucku
591 3420 671 3476 euius
692 3419 723 3476 in
743 3418 935 3493 superioribus
956 3411 1079 3473 memini.

73 3487 145 3568 Erat,
162 3498 262 3576 iuquit,
281 3504 312 3560 in
332 3503 456 3563 Saxonis
476 3504 558 3563 miles
580 3505 697 3580 qnidam
717 3503 852 3564 Aliardus
873 3504 1002 3573 nomine,
1031 3495 1079 3569 qui

73 3579 109 3636 vir
125 3588 213 3648 tame
232 3586 352 3669 incute)
373 3592 532 3666 probitatis,
552 3598 586 3650 ut
605 3594 635 3649 in
656 3594 746 3668 primo
768 3594 947 3650 tomumeuto
967 3589 996 3642 iu
1021 3595 1078 3655 quo

75 3709 101 3774 ⁸)
115 3712 193 3770 nonar.
203 3720 231 3773 rr.
243 3738 268 3788 ρ.
281 3723 771 3791 92.-1)ADEFPrcariatis.-2p
782 3723 824 3776 nr
842 3739 857 3772 a
874 3735 907 3771 se
925 3715 1017 3774 mara,
1035 3709 1079 3762 os

117 3785 216 3842 nstra
233 3794 358 3861 so.-*)
375 3795 558 3863 ilonril.111.p.
578 3797 636 3849 178.
653 3826 682 3836 -
695 3797 727 3864 3)
748 3793 814 3846 CFP
831 3791 943 3841 inerat
960 3789 1078 3834 tautae.
