<?xml version="1.0" encoding="UTF-8"?>
<!DOCTYPE html PUBLIC "-//W3C//DTD XHTML 1.0 Transitional//EN"
    "http://www.w3.org/TR/xhtml1/DTD/xhtml1-transitional.dtd">
<html xmlns="http://www.w3.org/1999/xhtml" xml:lang="en" lang="en">
 <head>
  <title>
</title>
<meta http-equiv="Content-Type" content="text/html;charset=utf-8" />
  <meta name='ocr-system' content='tesseract 3.04.00' />
  <meta name='ocr-capabilities' content='ocr_page ocr_carea ocr_par ocr_line ocrx_word'/>
</head>
<body>
  <div class='ocr_page' id='page_1' title='image "./caesariiheister02stragoog_0123.png"; bbox 0 0 2512 4254; ppageno 0'>
   <div class='ocr_carea' id='block_1_1' title="bbox 177 290 899 356">
    <p class='ocr_par' dir='ltr' id='par_1_1' title="bbox 177 290 899 356">
     <span class='ocr_line' id='line_1_1' title="bbox 177 290 899 356; baseline 0 -2"><span class='ocrx_word' id='word_1_1' title='bbox 177 298 236 355; x_wconf 81' lang='lat'><strong>112</strong></span> <span class='ocrx_word' id='word_1_2' title='bbox 485 290 711 356; x_wconf 65' lang='lat' dir='ltr'><strong>miserescito</strong></span> <span class='ocrx_word' id='word_1_3' title='bbox 735 291 899 356; x_wconf 75' lang='lat' dir='ltr'>OCTAVA</span> 
     </span>
    </p>
   </div>
   <div class='ocr_carea' id='block_1_2' title="bbox 173 412 1197 1186">
    <p class='ocr_par' dir='ltr' id='par_1_2' title="bbox 173 412 1197 1186">
     <span class='ocr_line' id='line_1_2' title="bbox 174 412 1194 492; baseline -0.002 -16"><span class='ocrx_word' id='word_1_4' title='bbox 174 415 349 476; x_wconf 75' lang='lat' dir='ltr'><strong>didiscimam</strong></span> <span class='ocrx_word' id='word_1_5' title='bbox 380 431 467 491; x_wconf 89' lang='lat' dir='ltr'><strong>snper</strong></span> <span class='ocrx_word' id='word_1_6' title='bbox 498 422 585 492; x_wconf 85' lang='lat' dir='ltr'><strong>caput</strong></span> <span class='ocrx_word' id='word_1_7' title='bbox 617 416 679 475; x_wconf 88' lang='lat' dir='ltr'><strong>aius</strong></span> <span class='ocrx_word' id='word_1_8' title='bbox 711 413 883 478; x_wconf 83' lang='lat' dir='ltr'><strong>descendere</strong></span> <span class='ocrx_word' id='word_1_9' title='bbox 911 412 998 490; x_wconf 80' lang='lat' dir='ltr'><strong>sidit,</strong></span> <span class='ocrx_word' id='word_1_10' title='bbox 1028 413 1085 475; x_wconf 90' lang='lat' dir='ltr'><strong>illic</strong></span> <span class='ocrx_word' id='word_1_11' title='bbox 1111 416 1194 491; x_wconf 81' lang='lat' dir='ltr'><strong>quate</strong></span> 
     </span>
     <span class='ocr_line' id='line_1_3' title="bbox 175 497 1195 583; baseline -0.003 -20"><span class='ocrx_word' id='word_1_12' title='bbox 175 503 345 564; x_wconf 90' lang='lat' dir='ltr'><strong>residentem</strong></span> <span class='ocrx_word' id='word_1_13' title='bbox 357 497 375 583; x_wconf 87' lang='lat'><strong>¹)</strong></span> <span class='ocrx_word' id='word_1_14' title='bbox 407 519 499 578; x_wconf 90' lang='lat' dir='ltr'><strong>usque</strong></span> <span class='ocrx_word' id='word_1_15' title='bbox 528 501 567 562; x_wconf 85' lang='lat' dir='ltr'><strong>ad</strong></span> <span class='ocrx_word' id='word_1_16' title='bbox 594 501 681 562; x_wconf 85' lang='lat' dir='ltr'><strong>bnem</strong></span> <span class='ocrx_word' id='word_1_17' title='bbox 702 501 860 579; x_wconf 79' lang='lat' dir='ltr'><strong>Evangelii.</strong></span> <span class='ocrx_word' id='word_1_18' title='bbox 901 502 1010 562; x_wconf 86' lang='lat' dir='ltr'><strong>Fuerat</strong></span> <span class='ocrx_word' id='word_1_19' title='bbox 1037 501 1111 562; x_wconf 90' lang='lat' dir='ltr'><strong>enim</strong></span> <span class='ocrx_word' id='word_1_20' title='bbox 1129 500 1195 562; x_wconf 87' lang='lat' dir='ltr'><strong>idem</strong></span> 
     </span>
     <span class='ocr_line' id='line_1_4' title="bbox 174 588 1195 666; baseline -0.004 -16"><span class='ocrx_word' id='word_1_21' title='bbox 174 590 333 651; x_wconf 91' lang='lat' dir='ltr'><strong>monachus</strong></span> <span class='ocrx_word' id='word_1_22' title='bbox 361 591 401 649; x_wconf 91' lang='lat' dir='ltr'><strong>lbi</strong></span> <span class='ocrx_word' id='word_1_23' title='bbox 429 588 550 666; x_wconf 82' lang='lat' dir='ltr'>hospes,</span> <span class='ocrx_word' id='word_1_24' title='bbox 582 595 611 648; x_wconf 87' lang='lat' dir='ltr'><strong>et</strong></span> <span class='ocrx_word' id='word_1_25' title='bbox 640 596 699 649; x_wconf 89' lang='lat' dir='ltr'><strong>tam</strong></span> <span class='ocrx_word' id='word_1_26' title='bbox 727 590 821 649; x_wconf 87' lang='lat' dir='ltr'><strong>bonae</strong></span> <span class='ocrx_word' id='word_1_27' title='bbox 849 590 926 648; x_wconf 87' lang='lat' dir='ltr'><strong>vitae</strong></span> <span class='ocrx_word' id='word_1_28' title='bbox 955 595 988 648; x_wconf 89' lang='lat' dir='ltr'><strong>ut</strong></span> <span class='ocrx_word' id='word_1_29' title='bbox 1016 595 1095 648; x_wconf 86' lang='lat' dir='ltr'><strong>tanta</strong></span> <span class='ocrx_word' id='word_1_30' title='bbox 1114 589 1195 666; x_wconf 87' lang='lat' dir='ltr'><strong>gratie</strong></span> 
     </span>
     <span class='ocr_line' id='line_1_5' title="bbox 174 673 1196 754; baseline -0.003 -17"><span class='ocrx_word' id='word_1_31' title='bbox 174 677 277 754; x_wconf 84' lang='lat' dir='ltr'><strong>dignus</strong></span> <span class='ocrx_word' id='word_1_32' title='bbox 311 676 475 736; x_wconf 79' lang='lat' dir='ltr'>haberetur.</span> <span class='ocrx_word' id='word_1_33' title='bbox 514 675 656 734; x_wconf 79' lang='lat' dir='ltr'><strong>Processu</strong></span> <span class='ocrx_word' id='word_1_34' title='bbox 685 677 820 752; x_wconf 90' lang='lat' dir='ltr'><strong>temporis</strong></span> <span class='ocrx_word' id='word_1_35' title='bbox 842 693 908 735; x_wconf 91' lang='lat' dir='ltr'><strong>cnm</strong></span> <span class='ocrx_word' id='word_1_36' title='bbox 928 673 1021 736; x_wconf 85' lang='lat' dir='ltr'><strong>lactus</strong></span> <span class='ocrx_word' id='word_1_37' title='bbox 1042 675 1136 735; x_wconf 81' lang='lat' dir='ltr'><strong>luisset</strong></span> <span class='ocrx_word' id='word_1_38' title='bbox 1153 691 1196 734; x_wconf 90' lang='lat' dir='ltr'><strong>sa·</strong></span> 
     </span>
     <span class='ocr_line' id='line_1_6' title="bbox 174 761 1197 838; baseline -0.007 -12"><span class='ocrx_word' id='word_1_39' title='bbox 174 764 294 838; x_wconf 91' lang='lat' dir='ltr'><strong>cerdos,</strong></span> <span class='ocrx_word' id='word_1_40' title='bbox 329 763 442 824; x_wconf 86' lang='lat' dir='ltr'><strong>cuidam</strong></span> <span class='ocrx_word' id='word_1_41' title='bbox 479 761 620 824; x_wconf 90' lang='lat' dir='ltr'><strong>monacho</strong></span> <span class='ocrx_word' id='word_1_42' title='bbox 655 779 691 822; x_wconf 81' lang='lat' dir='ltr'><strong>en</strong></span> <span class='ocrx_word' id='word_1_43' title='bbox 721 763 855 824; x_wconf 86' lang='lat' dir='ltr'><strong>fratribus</strong></span> <span class='ocrx_word' id='word_1_44' title='bbox 887 764 947 824; x_wconf 90' lang='lat' dir='ltr'><strong>cius</strong></span> <span class='ocrx_word' id='word_1_45' title='bbox 979 761 1113 826; x_wconf 77' lang='lat' dir='ltr'><strong>sacerdos</strong></span> <span class='ocrx_word' id='word_1_46' title='bbox 1141 761 1197 836; x_wconf 86' lang='lat' dir='ltr'><strong>qni·</strong></span> 
     </span>
     <span class='ocr_line' id='line_1_7' title="bbox 175 847 1197 926; baseline -0.004 -16"><span class='ocrx_word' id='word_1_47' title='bbox 175 849 242 918; x_wconf 87' lang='lat' dir='ltr'><strong>dam</strong></span> <span class='ocrx_word' id='word_1_48' title='bbox 277 850 431 910; x_wconf 88' lang='lat' dir='ltr'><strong>saecularis</strong></span> <span class='ocrx_word' id='word_1_49' title='bbox 466 848 594 910; x_wconf 83' lang='lat' dir='ltr'><strong>dicebat:</strong></span> <span class='ocrx_word' id='word_1_50' title='bbox 633 849 697 926; x_wconf 79' lang='lat' dir='ltr'><strong>Ego</strong></span> <span class='ocrx_word' id='word_1_51' title='bbox 731 849 892 925; x_wconf 86' lang='lat' dir='ltr'><strong>frequenter</strong></span> <span class='ocrx_word' id='word_1_52' title='bbox 928 848 1012 908; x_wconf 88' lang='lat' dir='ltr'><strong>video</strong></span> <span class='ocrx_word' id='word_1_53' title='bbox 1049 847 1197 909; x_wconf 79' lang='lat' dir='ltr'><strong>columbam</strong></span> 
     </span>
     <span class='ocr_line' id='line_1_8' title="bbox 175 934 1197 1014; baseline -0.006 -16"><span class='ocrx_word' id='word_1_54' title='bbox 175 954 261 1014; x_wconf 90' lang='lat' dir='ltr'><strong>super</strong></span> <span class='ocrx_word' id='word_1_55' title='bbox 289 942 376 1014; x_wconf 89' lang='lat' dir='ltr'><strong>caput</strong></span> <span class='ocrx_word' id='word_1_56' title='bbox 402 935 476 996; x_wconf 86' lang='lat' dir='ltr'><strong>illius</strong></span> <span class='ocrx_word' id='word_1_57' title='bbox 508 934 656 1010; x_wconf 90' lang='lat' dir='ltr'><strong>monachi,</strong></span> <span class='ocrx_word' id='word_1_58' title='bbox 692 936 807 1011; x_wconf 91' lang='lat' dir='ltr'><strong>quando</strong></span> <span class='ocrx_word' id='word_1_59' title='bbox 840 939 942 998; x_wconf 90' lang='lat' dir='ltr'><strong>missas</strong></span> <span class='ocrx_word' id='word_1_60' title='bbox 969 934 1103 996; x_wconf 81' lang='lat' dir='ltr'>celebrat.</span> <span class='ocrx_word' id='word_1_61' title='bbox 1141 934 1197 996; x_wconf 88' lang='lat' dir='ltr'><strong>Non</strong></span> 
     </span>
     <span class='ocr_line' id='line_1_9' title="bbox 173 1021 1197 1099; baseline -0.005 -15"><span class='ocrx_word' id='word_1_62' title='bbox 173 1031 270 1084; x_wconf 87' lang='lat' dir='ltr'><strong>tamen</strong></span> <span class='ocrx_word' id='word_1_63' title='bbox 302 1030 373 1099; x_wconf 89' lang='lat' dir='ltr'><strong>puto</strong></span> <span class='ocrx_word' id='word_1_64' title='bbox 406 1039 472 1083; x_wconf 90' lang='lat' dir='ltr'><strong>eum</strong></span> <span class='ocrx_word' id='word_1_65' title='bbox 503 1022 657 1098; x_wconf 90' lang='lat' dir='ltr'><strong>aliquando</strong></span> <span class='ocrx_word' id='word_1_66' title='bbox 689 1025 793 1082; x_wconf 89' lang='lat' dir='ltr'><strong>missac</strong></span> <span class='ocrx_word' id='word_1_67' title='bbox 826 1025 886 1082; x_wconf 89' lang='lat' dir='ltr'><strong>eius</strong></span> <span class='ocrx_word' id='word_1_68' title='bbox 917 1021 1077 1083; x_wconf 82' lang='lat' dir='ltr'><strong>interfuisse</strong></span> <span class='ocrx_word' id='word_1_69' title='bbox 1107 1037 1197 1098; x_wconf 91' lang='lat' dir='ltr'><strong>corpo·</strong></span> 
     </span>
     <span class='ocr_line' id='line_1_10' title="bbox 173 1101 1197 1186; baseline -0.005 -15"><span class='ocrx_word' id='word_1_70' title='bbox 173 1128 219 1185; x_wconf 89' lang='lat' dir='ltr'><strong>rc,</strong></span> <span class='ocrx_word' id='word_1_71' title='bbox 252 1108 304 1169; x_wconf 86' lang='lat' dir='ltr'><strong>sed</strong></span> <span class='ocrx_word' id='word_1_72' title='bbox 334 1110 443 1186; x_wconf 91' lang='lat' dir='ltr'><strong>spiritu.</strong></span> <span class='ocrx_word' id='word_1_73' title='bbox 495 1101 548 1169; x_wconf 84' lang='lat' dir='ltr'><strong>Est</strong></span> <span class='ocrx_word' id='word_1_74' title='bbox 580 1111 655 1168; x_wconf 91' lang='lat' dir='ltr'><strong>enim</strong></span> <span class='ocrx_word' id='word_1_75' title='bbox 687 1111 730 1169; x_wconf 89' lang='lat' dir='ltr'><strong>vir</strong></span> <span class='ocrx_word' id='word_1_76' title='bbox 762 1109 925 1186; x_wconf 83' lang='lat' dir='ltr'><strong>religiosus,</strong></span> <span class='ocrx_word' id='word_1_77' title='bbox 960 1108 1067 1168; x_wconf 90' lang='lat' dir='ltr'><strong>multas</strong></span> <span class='ocrx_word' id='word_1_78' title='bbox 1097 1107 1197 1168; x_wconf 89' lang='lat' dir='ltr'><strong>babens</strong></span> 
     </span>
    </p>
   </div>
   <div class='ocr_carea' id='block_1_3' title="bbox 68 1193 1196 1272">
    <p class='ocr_par' dir='ltr' id='par_1_3' title="bbox 68 1193 1196 1272">
     <span class='ocr_line' id='line_1_11' title="bbox 68 1193 1196 1272; baseline -0.003 -17"><span class='ocrx_word' id='word_1_79' title='bbox 68 1197 81 1233; x_wconf 81' lang='lat'><strong>&#39;·</strong></span> <span class='ocrx_word' id='word_1_80' title='bbox 137 1241 140 1246; x_wconf 83' lang='lat'>-</span> <span class='ocrx_word' id='word_1_81' title='bbox 173 1196 360 1257; x_wconf 79' lang='lat' dir='ltr'>revelationes</span> <span class='ocrx_word' id='word_1_82' title='bbox 390 1214 408 1256; x_wconf 88' lang='lat' dir='ltr'><strong>a</strong></span> <span class='ocrx_word' id='word_1_83' title='bbox 435 1195 509 1255; x_wconf 91' lang='lat' dir='ltr'><strong>Deo.</strong></span> <span class='ocrx_word' id='word_1_84' title='bbox 551 1193 755 1256; x_wconf 85' lang='lat' dir='ltr'>NOVICIUS:</span> <span class='ocrx_word' id='word_1_85' title='bbox 790 1195 867 1272; x_wconf 84' lang='lat' dir='ltr'><strong>Quid</strong></span> <span class='ocrx_word' id='word_1_86' title='bbox 895 1195 1073 1256; x_wconf 89' lang='lat' dir='ltr'><strong>sentiendum</strong></span> <span class='ocrx_word' id='word_1_87' title='bbox 1101 1201 1141 1256; x_wconf 91' lang='lat' dir='ltr'><strong>cst</strong></span> <span class='ocrx_word' id='word_1_88' title='bbox 1166 1193 1196 1252; x_wconf 90' lang='lat' dir='ltr'><strong>de</strong></span> 
     </span>
    </p>
   </div>
   <div class='ocr_carea' id='block_1_4' title="bbox 175 1281 1196 1538">
    <p class='ocr_par' dir='ltr' id='par_1_4' title="bbox 175 1281 1196 1538">
     <span class='ocr_line' id='line_1_12' title="bbox 176 1281 1196 1360; baseline -0.003 -18"><span class='ocrx_word' id='word_1_89' title='bbox 176 1282 339 1343; x_wconf 89' lang='lat' dir='ltr'><strong>huiusmodi</strong></span> <span class='ocrx_word' id='word_1_90' title='bbox 353 1281 514 1343; x_wconf 78' lang='lat' dir='ltr'><strong>columbis?</strong></span> <span class='ocrx_word' id='word_1_91' title='bbox 546 1281 782 1343; x_wconf 75' lang='lat' dir='ltr'><strong>MONACHUsr</strong></span> <span class='ocrx_word' id='word_1_92' title='bbox 803 1283 850 1343; x_wconf 91' lang='lat' dir='ltr'><strong>Da</strong></span> <span class='ocrx_word' id='word_1_93' title='bbox 863 1282 918 1342; x_wconf 89' lang='lat' dir='ltr'><strong>hac</strong></span> <span class='ocrx_word' id='word_1_94' title='bbox 933 1285 1098 1359; x_wconf 83' lang='lat' dir='ltr'><strong>quaestione</strong></span> <span class='ocrx_word' id='word_1_95' title='bbox 1115 1298 1196 1360; x_wconf 88' lang='lat' dir='ltr'><strong>qnan-</strong></span> 
     </span>
     <span class='ocr_line' id='line_1_13' title="bbox 176 1368 1196 1448; baseline -0.003 -19"><span class='ocrx_word' id='word_1_96' title='bbox 176 1377 238 1429; x_wconf 86' lang='lat' dir='ltr'><strong>tum</strong></span> <span class='ocrx_word' id='word_1_97' title='bbox 258 1371 338 1445; x_wconf 89' lang='lat' dir='ltr'><strong>potui</strong></span> <span class='ocrx_word' id='word_1_98' title='bbox 353 1370 483 1448; x_wconf 84' lang='lat' dir='ltr'><strong>expedivi</strong></span> <span class='ocrx_word' id='word_1_99' title='bbox 505 1375 533 1428; x_wconf 90' lang='lat' dir='ltr'><strong>te</strong></span> <span class='ocrx_word' id='word_1_100' title='bbox 555 1369 780 1429; x_wconf 88' lang='lat' dir='ltr'><strong>indistinctione</strong></span> <span class='ocrx_word' id='word_1_101' title='bbox 802 1368 928 1430; x_wconf 90' lang='lat' dir='ltr'><strong>secunda</strong></span> <span class='ocrx_word' id='word_1_102' title='bbox 951 1369 1075 1445; x_wconf 89' lang='lat' dir='ltr'><strong>capitulo</strong></span> <span class='ocrx_word' id='word_1_103' title='bbox 1096 1371 1196 1444; x_wconf 88' lang='lat' dir='ltr'><strong>quinto,</strong></span> 
     </span>
     <span class='ocr_line' id='line_1_14' title="bbox 175 1451 1196 1538; baseline -0.005 -22"><span class='ocrx_word' id='word_1_104' title='bbox 175 1455 296 1532; x_wconf 86' lang='lat' dir='ltr'><strong>loquens</strong></span> <span class='ocrx_word' id='word_1_105' title='bbox 326 1456 362 1516; x_wconf 90' lang='lat' dir='ltr'><strong>dc</strong></span> <span class='ocrx_word' id='word_1_106' title='bbox 383 1456 531 1516; x_wconf 86' lang='lat' dir='ltr'><strong>sacerdote</strong></span> <span class='ocrx_word' id='word_1_107' title='bbox 552 1455 701 1516; x_wconf 84' lang='lat' dir='ltr'><strong>fornicario</strong></span> <span class='ocrx_word' id='word_1_108' title='bbox 713 1451 750 1538; x_wconf 83' lang='lat'><strong>²),</strong></span> <span class='ocrx_word' id='word_1_109' title='bbox 780 1459 825 1516; x_wconf 90' lang='lat' dir='ltr'><strong>oui</strong></span> <span class='ocrx_word' id='word_1_110' title='bbox 846 1456 981 1516; x_wconf 93' lang='lat' dir='ltr'><strong>columba</strong></span> <span class='ocrx_word' id='word_1_111' title='bbox 1001 1460 1196 1516; x_wconf 88' lang='lat' dir='ltr'><strong>sacramentum</strong></span> 
     </span>
    </p>
   </div>
   <div class='ocr_carea' id='block_1_5' title="bbox 64 1539 1197 1620">
    <p class='ocr_par' dir='ltr' id='par_1_5' title="bbox 64 1539 1197 1620">
     <span class='ocr_line' id='line_1_15' title="bbox 64 1539 1197 1620; baseline -0.005 -16"><span class='ocrx_word' id='word_1_112' title='bbox 64 1603 70 1612; x_wconf 83' lang='grc'><strong>,</strong></span> <span class='ocrx_word' id='word_1_113' title='bbox 175 1541 272 1604; x_wconf 90' lang='lat' dir='ltr'><strong>altaris</strong></span> <span class='ocrx_word' id='word_1_114' title='bbox 300 1543 378 1620; x_wconf 82' lang='lat' dir='ltr'><strong>mlii,</strong></span> <span class='ocrx_word' id='word_1_115' title='bbox 407 1550 436 1603; x_wconf 91' lang='lat' dir='ltr'><strong>et</strong></span> <span class='ocrx_word' id='word_1_116' title='bbox 457 1551 523 1620; x_wconf 90' lang='lat' dir='ltr'><strong>post</strong></span> <span class='ocrx_word' id='word_1_117' title='bbox 543 1545 747 1620; x_wconf 87' lang='lat' dir='ltr'><strong>poenitentiam</strong></span> <span class='ocrx_word' id='word_1_118' title='bbox 777 1545 908 1603; x_wconf 86' lang='lat' dir='ltr'><strong>restituit.</strong></span> <span class='ocrx_word' id='word_1_119' title='bbox 949 1543 1070 1618; x_wconf 78' lang='lat' dir='ltr'><strong>Signum</strong></span> <span class='ocrx_word' id='word_1_120' title='bbox 1091 1549 1132 1602; x_wconf 90' lang='lat' dir='ltr'><strong>est</strong></span> <span class='ocrx_word' id='word_1_121' title='bbox 1150 1539 1197 1600; x_wconf 89' lang='lat' dir='ltr'><strong>ad·</strong></span> 
     </span>
    </p>
   </div>
   <div class='ocr_carea' id='block_1_6' title="bbox 176 1627 1195 1707">
    <p class='ocr_par' dir='ltr' id='par_1_6' title="bbox 176 1627 1195 1707">
     <span class='ocr_line' id='line_1_16' title="bbox 176 1627 1195 1707; baseline -0.006 -17"><span class='ocrx_word' id='word_1_122' title='bbox 176 1635 280 1690; x_wconf 71' lang='lat' dir='ltr'><strong>tentus</strong></span> <span class='ocrx_word' id='word_1_123' title='bbox 312 1629 431 1707; x_wconf 84' lang='lat' dir='ltr'><strong>Spiritus</strong></span> <span class='ocrx_word' id='word_1_124' title='bbox 464 1632 569 1703; x_wconf 66' lang='lat' dir='ltr'><strong>sancti,</strong></span> <span class='ocrx_word' id='word_1_125' title='bbox 588 1630 730 1690; x_wconf 88' lang='lat' dir='ltr'><strong>columba.</strong></span> <span class='ocrx_word' id='word_1_126' title='bbox 780 1630 812 1690; x_wconf 85' lang='lat' dir='ltr'><strong>Si</strong></span> <span class='ocrx_word' id='word_1_127' title='bbox 842 1629 912 1690; x_wconf 92' lang='lat' dir='ltr'><strong>nihil</strong></span> <span class='ocrx_word' id='word_1_128' title='bbox 939 1629 1040 1689; x_wconf 91' lang='lat' dir='ltr'><strong>luisset</strong></span> <span class='ocrx_word' id='word_1_129' title='bbox 1067 1627 1195 1688; x_wconf 89' lang='lat' dir='ltr'><strong>diviniin</strong></span> 
     </span>
    </p>
   </div>
   <div class='ocr_carea' id='block_1_7' title="bbox 176 1712 1195 1794">
    <p class='ocr_par' dir='ltr' id='par_1_7' title="bbox 176 1697 1246 1802">
     <span class='ocr_line' id='line_1_17' title="bbox 176 1712 1195 1794; baseline -0.007 -17"><span class='ocrx_word' id='word_1_130' title='bbox 176 1717 329 1794; x_wconf 87' lang='lat' dir='ltr'><strong>praedictis</strong></span> <span class='ocrx_word' id='word_1_131' title='bbox 357 1715 511 1793; x_wconf 83' lang='lat' dir='ltr'><strong>columbis,</strong></span> <span class='ocrx_word' id='word_1_132' title='bbox 544 1718 629 1776; x_wconf 89' lang='lat' dir='ltr'><strong>etiam</strong></span> <span class='ocrx_word' id='word_1_133' title='bbox 658 1716 706 1776; x_wconf 92' lang='lat' dir='ltr'><strong>alii</strong></span> <span class='ocrx_word' id='word_1_134' title='bbox 738 1733 787 1776; x_wconf 88' lang='lat' dir='ltr'><strong>eas</strong></span> <span class='ocrx_word' id='word_1_135' title='bbox 816 1715 961 1776; x_wconf 88' lang='lat' dir='ltr'><strong>vidissent.</strong></span> <span class='ocrx_word' id='word_1_136' title='bbox 1009 1712 1195 1776; x_wconf 79' lang='lat' dir='ltr'>NOVIGIUS:</span> 
     </span>
    </p>
   </div>
   <div class='ocr_carea' id='block_1_8' title="bbox 176 1802 1197 2142">
    <p class='ocr_par' dir='ltr' id='par_1_8' title="bbox 176 1802 1197 2142">
     <span class='ocr_line' id='line_1_18' title="bbox 176 1802 1196 1880; baseline -0.007 -17"><span class='ocrx_word' id='word_1_137' title='bbox 176 1803 241 1864; x_wconf 87' lang='lat' dir='ltr'><strong>Hoc</strong></span> <span class='ocrx_word' id='word_1_138' title='bbox 263 1807 332 1864; x_wconf 89' lang='lat' dir='ltr'><strong>satis</strong></span> <span class='ocrx_word' id='word_1_139' title='bbox 354 1803 488 1863; x_wconf 90' lang='lat' dir='ltr'><strong>credibile</strong></span> <span class='ocrx_word' id='word_1_140' title='bbox 510 1810 562 1863; x_wconf 88' lang='lat' dir='ltr'><strong>est.</strong></span> <span class='ocrx_word' id='word_1_141' title='bbox 603 1803 839 1866; x_wconf 83' lang='lat' dir='ltr'><strong>MONAGHUS:</strong></span> <span class='ocrx_word' id='word_1_142' title='bbox 861 1802 946 1880; x_wconf 85' lang='lat' dir='ltr'><strong>Quod</strong></span> <span class='ocrx_word' id='word_1_143' title='bbox 971 1809 1068 1864; x_wconf 89' lang='lat' dir='ltr'><strong>autem</strong></span> <span class='ocrx_word' id='word_1_144' title='bbox 1088 1802 1196 1880; x_wconf 84' lang='lat' dir='ltr'><strong>Spiritus</strong></span> 
     </span>
     <span class='ocr_line' id='line_1_19' title="bbox 177 1887 1197 1968; baseline -0.005 -17"><span class='ocrx_word' id='word_1_145' title='bbox 177 1897 293 1951; x_wconf 88' lang='lat' dir='ltr'><strong>sanctus</strong></span> <span class='ocrx_word' id='word_1_146' title='bbox 322 1893 407 1950; x_wconf 88' lang='lat' dir='ltr'><strong>etiarn</strong></span> <span class='ocrx_word' id='word_1_147' title='bbox 434 1893 464 1949; x_wconf 94' lang='lat' dir='ltr'><strong>in</strong></span> <span class='ocrx_word' id='word_1_148' title='bbox 492 1891 557 1968; x_wconf 83' lang='lat' dir='ltr'><strong>igne</strong></span> <span class='ocrx_word' id='word_1_149' title='bbox 578 1894 767 1967; x_wconf 84' lang='lat' dir='ltr'><strong>praesentiam</strong></span> <span class='ocrx_word' id='word_1_150' title='bbox 789 1906 871 1950; x_wconf 90' lang='lat' dir='ltr'><strong>suam</strong></span> <span class='ocrx_word' id='word_1_151' title='bbox 893 1889 1065 1968; x_wconf 88' lang='lat' dir='ltr'><strong>quandoque</strong></span> <span class='ocrx_word' id='word_1_152' title='bbox 1090 1887 1197 1948; x_wconf 85' lang='lat' dir='ltr'><strong>marile-</strong></span> 
     </span>
     <span class='ocr_line' id='line_1_20' title="bbox 177 1975 1196 2060; baseline -0.004 -23"><span class='ocrx_word' id='word_1_153' title='bbox 177 1975 278 2060; x_wconf 86' lang='lat' dir='ltr'><strong>stet&#39;),</strong></span> <span class='ocrx_word' id='word_1_154' title='bbox 293 1977 405 2036; x_wconf 88' lang='lat' dir='ltr'><strong>&#39;audies</strong></span> <span class='ocrx_word' id='word_1_155' title='bbox 433 1979 461 2037; x_wconf 91' lang='lat' dir='ltr'><strong>in</strong></span> <span class='ocrx_word' id='word_1_156' title='bbox 490 1977 667 2037; x_wconf 89' lang='lat' dir='ltr'><strong>distinctlone</strong></span> <span class='ocrx_word' id='word_1_157' title='bbox 688 1995 765 2037; x_wconf 90' lang='lat' dir='ltr'><strong>nona</strong></span> <span class='ocrx_word' id='word_1_158' title='bbox 786 1977 911 2053; x_wconf 88' lang='lat' dir='ltr'><strong>capitulo</strong></span> <span class='ocrx_word' id='word_1_159' title='bbox 933 1979 1076 2038; x_wconf 88' lang='lat' dir='ltr'><strong>tricesimo</strong></span> <span class='ocrx_word' id='word_1_160' title='bbox 1101 1981 1196 2052; x_wconf 82' lang='lat' dir='ltr'><strong>quarto</strong></span> 
     </span>
     <span class='ocr_line' id='line_1_21' title="bbox 178 2061 1196 2142; baseline -0.004 -20"><span class='ocrx_word' id='word_1_161' title='bbox 178 2061 262 2140; x_wconf 78' lang='lat' dir='ltr'><strong>Quia·</strong></span> <span class='ocrx_word' id='word_1_162' title='bbox 283 2065 341 2124; x_wconf 90' lang='lat' dir='ltr'><strong>iem</strong></span> <span class='ocrx_word' id='word_1_163' title='bbox 360 2064 468 2142; x_wconf 75' lang='lat' dir='ltr'><strong>&#39;plures</strong></span> <span class='ocrx_word' id='word_1_164' title='bbox 494 2067 623 2124; x_wconf 70' lang='lat' dir='ltr'><strong>‘visiones</strong></span> <span class='ocrx_word' id='word_1_165' title='bbox 655 2065 707 2124; x_wconf 89' lang='lat' dir='ltr'><strong>tibi</strong></span> <span class='ocrx_word' id='word_1_166' title='bbox 735 2063 818 2126; x_wconf 86' lang='lat' dir='ltr'><strong>retuli</strong></span> <span class='ocrx_word' id='word_1_167' title='bbox 847 2063 882 2123; x_wconf 90' lang='lat' dir='ltr'><strong>de</strong></span> <span class='ocrx_word' id='word_1_168' title='bbox 912 2063 1040 2140; x_wconf 80' lang='lat' dir='ltr'><strong>Christo,</strong></span> <span class='ocrx_word' id='word_1_169' title='bbox 1072 2061 1196 2139; x_wconf 88' lang='lat' dir='ltr'><strong>quasdam</strong></span> 
     </span>
    </p>
   </div>
   <div class='ocr_carea' id='block_1_9' title="bbox 178 2149 1197 2298">
    <p class='ocr_par' dir='ltr' id='par_1_9' title="bbox 178 2149 1197 2298">
     <span class='ocr_line' id='line_1_22' title="bbox 178 2149 1197 2297; baseline -0.003 -88"><span class='ocrx_word' id='word_1_170' title='bbox 178 2153 264 2297; x_wconf 43' lang='lat' dir='ltr'><strong>{tiam</strong></span> <span class='ocrx_word' id='word_1_171' title='bbox 293 2151 328 2211; x_wconf 91' lang='lat' dir='ltr'><strong>de</strong></span> <span class='ocrx_word' id='word_1_172' title='bbox 350 2149 455 2234; x_wconf 83' lang='lat' dir='ltr'><strong>Spiritu</strong></span> <span class='ocrx_word' id='word_1_173' title='bbox 484 2157 598 2225; x_wconf 91' lang='lat' dir='ltr'><strong>sancto,</strong></span> <span class='ocrx_word' id='word_1_174' title='bbox 627 2169 715 2214; x_wconf 89' lang='lat' dir='ltr'><strong>unam</strong></span> <span class='ocrx_word' id='word_1_175' title='bbox 742 2153 793 2211; x_wconf 91' lang='lat' dir='ltr'><strong>tibi</strong></span> <span class='ocrx_word' id='word_1_176' title='bbox 821 2151 916 2212; x_wconf 91' lang='lat' dir='ltr'><strong>adhuc</strong></span> <span class='ocrx_word' id='word_1_177' title='bbox 938 2150 1032 2212; x_wconf 91' lang='lat' dir='ltr'><strong>dicam</strong></span> <span class='ocrx_word' id='word_1_178' title='bbox 1054 2150 1089 2210; x_wconf 94' lang='lat' dir='ltr'><strong>de</strong></span> <span class='ocrx_word' id='word_1_179' title='bbox 1110 2155 1197 2210; x_wconf 87' lang='lat' dir='ltr'><strong>sancta</strong></span> 
     </span>
     <span class='ocr_line' id='line_1_23' title="bbox 205 2239 326 2298; baseline -0.008 -1"><span class='ocrx_word' id='word_1_180' title='bbox 205 2239 326 2298; x_wconf 88' lang='lat' dir='ltr'><strong>rinitate.</strong></span> 
     </span>
    </p>
   </div>
   <div class='ocr_carea' id='block_1_10' title="bbox 468 2389 921 2474">
    <p class='ocr_par' dir='ltr' id='par_1_10' title="bbox 468 2389 921 2474">
     <span class='ocr_line' id='line_1_24' title="bbox 468 2389 921 2474; baseline 0 -20"><span class='ocrx_word' id='word_1_181' title='bbox 468 2391 701 2455; x_wconf 80' lang='lat' dir='ltr'><strong>cnrrmmnm</strong></span> <span class='ocrx_word' id='word_1_182' title='bbox 728 2389 921 2474; x_wconf 64' lang='lat' dir='ltr'><strong>xxxmo</strong></span> 
     </span>
    </p>
   </div>
   <div class='ocr_carea' id='block_1_11' title="bbox 210 2516 1169 2580">
    <p class='ocr_par' dir='ltr' id='par_1_11' title="bbox 210 2485 1245 2580">
     <span class='ocr_line' id='line_1_25' title="bbox 210 2516 1169 2580; baseline 0 -2"><span class='ocrx_word' id='word_1_183' title='bbox 210 2517 498 2580; x_wconf 65' lang='lat' dir='ltr'><strong>momenmentum</strong></span> <span class='ocrx_word' id='word_1_184' title='bbox 518 2519 566 2578; x_wconf 87' lang='lat' dir='ltr'><strong>cui</strong></span> <span class='ocrx_word' id='word_1_185' title='bbox 587 2516 753 2578; x_wconf 81' lang='lat' dir='ltr'><strong>mentaliter</strong></span> <span class='ocrx_word' id='word_1_186' title='bbox 778 2522 924 2578; x_wconf 64' lang='lat' dir='ltr'><strong>namneum</strong></span> <span class='ocrx_word' id='word_1_187' title='bbox 946 2523 987 2578; x_wconf 83' lang='lat' dir='ltr'><strong>eat</strong></span> <span class='ocrx_word' id='word_1_188' title='bbox 1007 2531 1169 2578; x_wconf 74' lang='lat' dir='ltr'><strong>acmanto·</strong></span> 
     </span>
    </p>
   </div>
   <div class='ocr_carea' id='block_1_12' title="bbox 498 2604 893 2664">
    <p class='ocr_par' dir='ltr' id='par_1_12' title="bbox 498 2604 893 2664">
     <span class='ocr_line' id='line_1_26' title="bbox 498 2604 893 2664; baseline 0.003 -1"><span class='ocrx_word' id='word_1_189' title='bbox 498 2610 563 2664; x_wconf 83' lang='lat' dir='ltr'><strong>tanc</strong></span> <span class='ocrx_word' id='word_1_190' title='bbox 586 2610 707 2664; x_wconf 85' lang='lat' dir='ltr'><strong>sanctae</strong></span> <span class='ocrx_word' id='word_1_191' title='bbox 731 2604 893 2664; x_wconf 79' lang='lat' dir='ltr'><strong>Trinitatis.</strong></span> 
     </span>
    </p>
   </div>
   <div class='ocr_carea' id='block_1_13' title="bbox 177 2720 1199 3409">
    <p class='ocr_par' dir='ltr' id='par_1_13' title="bbox 177 2720 1199 3409">
     <span class='ocr_line' id='line_1_27' title="bbox 242 2720 1199 2801; baseline -0.004 -15"><span class='ocrx_word' id='word_1_192' title='bbox 242 2725 308 2786; x_wconf 87' lang='lat' dir='ltr'><strong>Non</strong></span> <span class='ocrx_word' id='word_1_193' title='bbox 337 2731 382 2787; x_wconf 87' lang='lat' dir='ltr'><strong>ast</strong></span> <span class='ocrx_word' id='word_1_194' title='bbox 401 2722 452 2785; x_wconf 90' lang='lat' dir='ltr'><strong>diu</strong></span> <span class='ocrx_word' id='word_1_195' title='bbox 473 2723 551 2801; x_wconf 90' lang='lat' dir='ltr'><strong>quod</strong></span> <span class='ocrx_word' id='word_1_196' title='bbox 572 2725 716 2800; x_wconf 90' lang='lat' dir='ltr'><strong>quaedam</strong></span> <span class='ocrx_word' id='word_1_197' title='bbox 736 2723 960 2786; x_wconf 79' lang='lat' dir='ltr'><strong>sanctimonialis</strong></span> <span class='ocrx_word' id='word_1_198' title='bbox 982 2723 1088 2784; x_wconf 85' lang='lat' dir='ltr'><strong>ordinis</strong></span> <span class='ocrx_word' id='word_1_199' title='bbox 1107 2720 1199 2792; x_wconf 79' lang='lat' dir='ltr'><strong>noetn&#39;,</strong></span> 
     </span>
     <span class='ocr_line' id='line_1_28' title="bbox 179 2809 1198 2889; baseline -0.008 -15"><span class='ocrx_word' id='word_1_200' title='bbox 179 2813 248 2874; x_wconf 85' lang='lat' dir='ltr'><strong>dnm</strong></span> <span class='ocrx_word' id='word_1_201' title='bbox 274 2815 304 2873; x_wconf 91' lang='lat' dir='ltr'><strong>in</strong></span> <span class='ocrx_word' id='word_1_202' title='bbox 331 2811 458 2889; x_wconf 86' lang='lat' dir='ltr'><strong>quadarn</strong></span> <span class='ocrx_word' id='word_1_203' title='bbox 484 2812 532 2872; x_wconf 89' lang='lat' dir='ltr'><strong>die</strong></span> <span class='ocrx_word' id='word_1_204' title='bbox 552 2811 707 2872; x_wconf 90' lang='lat' dir='ltr'><strong>Dominica</strong></span> <span class='ocrx_word' id='word_1_205' title='bbox 726 2811 764 2871; x_wconf 91' lang='lat' dir='ltr'><strong>ad</strong></span> <span class='ocrx_word' id='word_1_206' title='bbox 784 2814 905 2888; x_wconf 85' lang='lat' dir='ltr'><strong>primam</strong></span> <span class='ocrx_word' id='word_1_207' title='bbox 926 2817 1030 2886; x_wconf 87' lang='lat' dir='ltr'><strong>staret,</strong></span> <span class='ocrx_word' id='word_1_208' title='bbox 1058 2817 1088 2871; x_wconf 90' lang='lat' dir='ltr'><strong>et</strong></span> <span class='ocrx_word' id='word_1_209' title='bbox 1107 2809 1198 2870; x_wconf 85' lang='lat' dir='ltr'><strong>chorus</strong></span> 
     </span>
     <span class='ocr_line' id='line_1_29' title="bbox 177 2893 1198 2978; baseline -0.008 -18"><span class='ocrx_word' id='word_1_210' title='bbox 177 2895 312 2976; x_wconf 81' lang='lat' dir='ltr'><strong>psalleret</strong></span> <span class='ocrx_word' id='word_1_211' title='bbox 331 2898 590 2973; x_wconf 73' lang='lat' dir='ltr'><strong>incentionem,</strong></span> <span class='ocrx_word' id='word_1_212' title='bbox 610 2899 659 2958; x_wconf 88' lang='lat' dir='ltr'><strong>illa</strong></span> <span class='ocrx_word' id='word_1_213' title='bbox 680 2899 716 2958; x_wconf 89' lang='lat' dir='ltr'><strong>dc</strong></span> <span class='ocrx_word' id='word_1_214' title='bbox 737 2901 873 2978; x_wconf 87' lang='lat' dir='ltr'><strong>mysterio</strong></span> <span class='ocrx_word' id='word_1_215' title='bbox 894 2895 1053 2978; x_wconf 67' lang='lat' dir='ltr'><strong>summael)</strong></span> <span class='ocrx_word' id='word_1_216' title='bbox 1067 2893 1198 2956; x_wconf 80' lang='lat' dir='ltr'><strong>Trinium</strong></span> 
     </span>
     <span class='ocr_line' id='line_1_30' title="bbox 179 2985 1196 3062; baseline -0.008 -15"><span class='ocrx_word' id='word_1_217' title='bbox 179 2989 323 3062; x_wconf 80' lang='lat' dir='ltr'><strong>cogitem,</strong></span> <span class='ocrx_word' id='word_1_218' title='bbox 354 2992 449 3048; x_wconf 90' lang='lat' dir='ltr'><strong>mente</strong></span> <span class='ocrx_word' id='word_1_219' title='bbox 479 2988 608 3046; x_wconf 87' lang='lat' dir='ltr'><strong>excessit.</strong></span> <span class='ocrx_word' id='word_1_220' title='bbox 650 2985 684 3044; x_wconf 93' lang='lat' dir='ltr'><strong>In</strong></span> <span class='ocrx_word' id='word_1_221' title='bbox 707 3002 764 3061; x_wconf 90' lang='lat' dir='ltr'><strong>quo</strong></span> <span class='ocrx_word' id='word_1_222' title='bbox 787 3002 905 3046; x_wconf 87' lang='lat' dir='ltr'><strong>excessu</strong></span> <span class='ocrx_word' id='word_1_223' title='bbox 926 2991 1007 3045; x_wconf 90' lang='lat' dir='ltr'><strong>tanta</strong></span> <span class='ocrx_word' id='word_1_224' title='bbox 1028 2987 1054 3046; x_wconf 92' lang='lat' dir='ltr'><strong>ei</strong></span> <span class='ocrx_word' id='word_1_225' title='bbox 1076 2990 1140 3044; x_wconf 90' lang='lat' dir='ltr'><strong>sunt</strong></span> <span class='ocrx_word' id='word_1_226' title='bbox 1158 2996 1196 3040; x_wconf 89' lang='lat' dir='ltr'><strong>rc·</strong></span> 
     </span>
     <span class='ocr_line' id='line_1_31' title="bbox 178 3067 1197 3154; baseline -0.008 -22"><span class='ocrx_word' id='word_1_227' title='bbox 178 3073 275 3132; x_wconf 83' lang='lat' dir='ltr'><strong>velata</strong></span> <span class='ocrx_word' id='word_1_228' title='bbox 296 3073 332 3134; x_wconf 90' lang='lat' dir='ltr'><strong>de</strong></span> <span class='ocrx_word' id='word_1_229' title='bbox 352 3073 402 3133; x_wconf 94' lang='lat' dir='ltr'><strong>illa</strong></span> <span class='ocrx_word' id='word_1_230' title='bbox 422 3090 535 3132; x_wconf 89' lang='lat' dir='ltr'><strong>summa</strong></span> <span class='ocrx_word' id='word_1_231' title='bbox 556 3078 585 3133; x_wconf 93' lang='lat' dir='ltr'><strong>et</strong></span> <span class='ocrx_word' id='word_1_232' title='bbox 605 3078 722 3154; x_wconf 75' lang='lat' dir='ltr'><strong>aeterna</strong></span> <span class='ocrx_word' id='word_1_233' title='bbox 742 3072 896 3147; x_wconf 81' lang='lat' dir='ltr'><strong>Trinitate,</strong></span> <span class='ocrx_word' id='word_1_234' title='bbox 924 3078 956 3130; x_wconf 94' lang='lat' dir='ltr'><strong>ut</strong></span> <span class='ocrx_word' id='word_1_235' title='bbox 984 3088 1037 3132; x_wconf 92' lang='lat' dir='ltr'><strong>suo</strong></span> <span class='ocrx_word' id='word_1_236' title='bbox 1060 3067 1197 3132; x_wconf 82' lang='lat' dir='ltr'><strong>consessori</strong></span> 
     </span>
     <span class='ocr_line' id='line_1_32' title="bbox 178 3156 1197 3236; baseline -0.006 -18"><span class='ocrx_word' id='word_1_237' title='bbox 178 3158 236 3233; x_wconf 88' lang='lat' dir='ltr'><strong>illa,</strong></span> <span class='ocrx_word' id='word_1_238' title='bbox 256 3161 317 3222; x_wconf 82' lang='lat' dir='ltr'><strong>sire</strong></span> <span class='ocrx_word' id='word_1_239' title='bbox 337 3159 456 3222; x_wconf 87' lang='lat' dir='ltr'><strong>modum</strong></span> <span class='ocrx_word' id='word_1_240' title='bbox 477 3158 606 3222; x_wconf 86' lang='lat' dir='ltr'><strong>eiusdem</strong></span> <span class='ocrx_word' id='word_1_241' title='bbox 626 3161 743 3220; x_wconf 81' lang='lat' dir='ltr'><strong>visionis</strong></span> <span class='ocrx_word' id='word_1_242' title='bbox 756 3159 898 3236; x_wconf 82' lang='lat' dir='ltr'><strong>explicare</strong></span> <span class='ocrx_word' id='word_1_243' title='bbox 918 3176 977 3219; x_wconf 94' lang='lat' dir='ltr'><strong>non</strong></span> <span class='ocrx_word' id='word_1_244' title='bbox 997 3164 1104 3234; x_wconf 87' lang='lat' dir='ltr'><strong>posset.</strong></span> <span class='ocrx_word' id='word_1_245' title='bbox 1132 3156 1197 3218; x_wconf 82' lang='lat' dir='ltr'><strong>Ecce</strong></span> 
     </span>
     <span class='ocr_line' id='line_1_33' title="bbox 177 3244 1197 3321; baseline -0.006 -15"><span class='ocrx_word' id='word_1_246' title='bbox 177 3246 221 3306; x_wconf 88' lang='lat' dir='ltr'><strong>sic</strong></span> <span class='ocrx_word' id='word_1_247' title='bbox 249 3247 363 3321; x_wconf 88' lang='lat' dir='ltr'><strong>copiose</strong></span> <span class='ocrx_word' id='word_1_248' title='bbox 384 3247 527 3307; x_wconf 90' lang='lat' dir='ltr'><strong>Dominus</strong></span> <span class='ocrx_word' id='word_1_249' title='bbox 555 3249 658 3308; x_wconf 87' lang='lat' dir='ltr'><strong>visioni</strong></span> <span class='ocrx_word' id='word_1_250' title='bbox 684 3251 799 3310; x_wconf 80' lang='lat' dir='ltr'><strong>nosuee</strong></span> <span class='ocrx_word' id='word_1_251' title='bbox 826 3245 1038 3306; x_wconf 87' lang='lat' dir='ltr'><strong>condescendit.</strong></span> <span class='ocrx_word' id='word_1_252' title='bbox 1079 3244 1143 3321; x_wconf 86' lang='lat' dir='ltr'><strong>Ipse</strong></span> <span class='ocrx_word' id='word_1_253' title='bbox 1162 3245 1197 3301; x_wconf 87' lang='lat' dir='ltr'><strong>eet</strong></span> 
     </span>
     <span class='ocr_line' id='line_1_34' title="bbox 180 3329 1197 3409; baseline -0.004 -19"><span class='ocrx_word' id='word_1_254' title='bbox 180 3347 266 3408; x_wconf 90' lang='lat' dir='ltr'><strong>quem</strong></span> <span class='ocrx_word' id='word_1_255' title='bbox 286 3331 380 3392; x_wconf 91' lang='lat' dir='ltr'><strong>Jacob</strong></span> <span class='ocrx_word' id='word_1_256' title='bbox 409 3335 438 3391; x_wconf 92' lang='lat' dir='ltr'><strong>in</strong></span> <span class='ocrx_word' id='word_1_257' title='bbox 469 3335 575 3394; x_wconf 90' lang='lat' dir='ltr'><strong>somnis</strong></span> <span class='ocrx_word' id='word_1_258' title='bbox 602 3333 673 3392; x_wconf 83' lang='lat' dir='ltr'><strong>vidit</strong></span> <span class='ocrx_word' id='word_1_259' title='bbox 700 3335 828 3392; x_wconf 82' lang='lat' dir='ltr'><strong>innixum</strong></span> <span class='ocrx_word' id='word_1_260' title='bbox 855 3331 960 3393; x_wconf 90' lang='lat' dir='ltr'><strong>scalae.</strong></span> <span class='ocrx_word' id='word_1_261' title='bbox 1008 3329 1114 3409; x_wconf 85' lang='lat' dir='ltr'><strong>Angeli</strong></span> <span class='ocrx_word' id='word_1_262' title='bbox 1138 3343 1197 3392; x_wconf 79' lang='lat' dir='ltr'><strong>rem</strong></span> 
     </span>
    </p>
   </div>
   <div class='ocr_carea' id='block_1_14' title="bbox 61 3417 1197 3493">
    <p class='ocr_par' dir='ltr' id='par_1_14' title="bbox 61 3417 1197 3493">
     <span class='ocr_line' id='line_1_35' title="bbox 61 3417 1197 3493; baseline 0.001 -21"><span class='ocrx_word' id='word_1_263' title='bbox 61 3451 68 3472; x_wconf 79' lang='grc'><strong>.</strong></span> <span class='ocrx_word' id='word_1_264' title='bbox 179 3417 366 3483; x_wconf 89' lang='lat' dir='ltr'><strong>ascendentes</strong></span> <span class='ocrx_word' id='word_1_265' title='bbox 387 3421 447 3478; x_wconf 91' lang='lat' dir='ltr'><strong>sive</strong></span> <span class='ocrx_word' id='word_1_266' title='bbox 470 3417 689 3493; x_wconf 88' lang='lat' dir='ltr'><strong>descendentes,</strong></span> <span class='ocrx_word' id='word_1_267' title='bbox 721 3426 787 3479; x_wconf 91' lang='lat' dir='ltr'><strong>sunt</strong></span> <span class='ocrx_word' id='word_1_268' title='bbox 808 3422 893 3480; x_wconf 91' lang='lat' dir='ltr'><strong>ceteri</strong></span> <span class='ocrx_word' id='word_1_269' title='bbox 914 3424 947 3478; x_wconf 86' lang='lat' dir='ltr'><strong>nt</strong></span> <span class='ocrx_word' id='word_1_270' title='bbox 968 3417 1076 3478; x_wconf 90' lang='lat' dir='ltr'><strong>dictum</strong></span> <span class='ocrx_word' id='word_1_271' title='bbox 1098 3422 1139 3480; x_wconf 89' lang='lat' dir='ltr'><strong>cst</strong></span> <span class='ocrx_word' id='word_1_272' title='bbox 1158 3431 1197 3475; x_wconf 90' lang='lat' dir='ltr'><strong>nr·</strong></span> 
     </span>
    </p>
   </div>
   <div class='ocr_carea' id='block_1_15' title="bbox 179 3501 1198 3673">
    <p class='ocr_par' dir='ltr' id='par_1_15' title="bbox 179 3501 1198 3673">
     <span class='ocr_line' id='line_1_36' title="bbox 180 3501 1197 3582; baseline -0.004 -18"><span class='ocrx_word' id='word_1_273' title='bbox 180 3501 260 3565; x_wconf 90' lang='lat' dir='ltr'><strong>dines</strong></span> <span class='ocrx_word' id='word_1_274' title='bbox 289 3506 393 3565; x_wconf 88' lang='lat' dir='ltr'><strong>civium</strong></span> <span class='ocrx_word' id='word_1_275' title='bbox 422 3503 602 3580; x_wconf 89' lang='lat' dir='ltr'><strong>coelestium,</strong></span> <span class='ocrx_word' id='word_1_276' title='bbox 631 3505 835 3567; x_wconf 88' lang='lat' dir='ltr'><strong>descendentes</strong></span> <span class='ocrx_word' id='word_1_277' title='bbox 863 3503 946 3566; x_wconf 92' lang='lat' dir='ltr'><strong>nobis</strong></span> <span class='ocrx_word' id='word_1_278' title='bbox 974 3503 1151 3582; x_wconf 90' lang='lat' dir='ltr'><strong>apparendo,</strong></span> <span class='ocrx_word' id='word_1_279' title='bbox 1175 3505 1197 3560; x_wconf 87' lang='lat' dir='ltr'><strong>et</strong></span> 
     </span>
     <span class='ocr_line' id='line_1_37' title="bbox 179 3590 1198 3673; baseline -0.004 -20"><span class='ocrx_word' id='word_1_280' title='bbox 179 3591 366 3653; x_wconf 88' lang='lat' dir='ltr'><strong>ascendentes</strong></span> <span class='ocrx_word' id='word_1_281' title='bbox 387 3608 419 3652; x_wconf 91' lang='lat' dir='ltr'><strong>se</strong></span> <span class='ocrx_word' id='word_1_282' title='bbox 436 3594 541 3652; x_wconf 86' lang='lat' dir='ltr'><strong>nostrie</strong></span> <span class='ocrx_word' id='word_1_283' title='bbox 562 3593 672 3652; x_wconf 87' lang='lat' dir='ltr'><strong>visibus</strong></span> <span class='ocrx_word' id='word_1_284' title='bbox 694 3590 927 3673; x_wconf 68' lang='lat' dir='ltr'><strong>subtrahendo⁶);</strong></span> <span class='ocrx_word' id='word_1_285' title='bbox 969 3592 1029 3668; x_wconf 88' lang='lat' dir='ltr'><strong>Ipsi</strong></span> <span class='ocrx_word' id='word_1_286' title='bbox 1050 3594 1124 3652; x_wconf 88' lang='lat' dir='ltr'><strong>anim</strong></span> <span class='ocrx_word' id='word_1_287' title='bbox 1142 3591 1198 3650; x_wconf 86' lang='lat' dir='ltr'><strong>emt</strong></span> 
     </span>
    </p>
   </div>
   <div class='ocr_carea' id='block_1_16' title="bbox 199 3718 1197 3933">
    <p class='ocr_par' dir='ltr' id='par_1_16' title="bbox 199 3718 1197 3933">
     <span class='ocr_line' id='line_1_38' title="bbox 199 3718 1197 3796; baseline -0.001 -16"><span class='ocrx_word' id='word_1_288' title='bbox 199 3727 230 3796; x_wconf 88' lang='lat' dir='ltr'><strong>l)</strong></span> <span class='ocrx_word' id='word_1_289' title='bbox 247 3724 314 3780; x_wconf 78' lang='lat' dir='ltr'><strong>abb</strong></span> <span class='ocrx_word' id='word_1_290' title='bbox 336 3731 365 3778; x_wconf 79' lang='lat' dir='ltr'><strong>ct</strong></span> <span class='ocrx_word' id='word_1_291' title='bbox 386 3725 448 3796; x_wconf 72' lang='lat' dir='ltr'><strong>prii</strong></span> <span class='ocrx_word' id='word_1_292' title='bbox 469 3724 632 3778; x_wconf 85' lang='lat' dir='ltr'><strong>residens.</strong></span> <span class='ocrx_word' id='word_1_293' title='bbox 652 3755 683 3768; x_wconf 88' lang='lat'>-</span> <span class='ocrx_word' id='word_1_294' title='bbox 701 3726 735 3795; x_wconf 80' lang='lat'><strong>2)</strong></span> <span class='ocrx_word' id='word_1_295' title='bbox 752 3726 818 3780; x_wconf 74' lang='lat' dir='ltr'><strong>llil)</strong></span> <span class='ocrx_word' id='word_1_296' title='bbox 842 3727 1053 3780; x_wconf 80' lang='lat' dir='ltr'><strong>fornicatore.</strong></span> <span class='ocrx_word' id='word_1_297' title='bbox 1078 3724 1148 3782; x_wconf 73' lang='lat' dir='ltr'><strong>conl.</strong></span> <span class='ocrx_word' id='word_1_298' title='bbox 1163 3718 1197 3779; x_wconf 70' lang='grc' dir='ltr'>[Χι</span> 
     </span>
     <span class='ocr_line' id='line_1_39' title="bbox 249 3785 1197 3865; baseline -0.004 -14"><span class='ocrx_word' id='word_1_299' title='bbox 249 3796 291 3851; x_wconf 82' lang='grc' dir='ltr'><strong>ιι.</strong></span> <span class='ocrx_word' id='word_1_300' title='bbox 310 3797 341 3838; x_wconf 64' lang='lat'><strong>:-</strong></span> <span class='ocrx_word' id='word_1_301' title='bbox 360 3796 392 3864; x_wconf 88' lang='grc' dir='ltr'><strong>ι)</strong></span> <span class='ocrx_word' id='word_1_302' title='bbox 410 3795 451 3848; x_wconf 83' lang='lat' dir='ltr'><strong>ne</strong></span> <span class='ocrx_word' id='word_1_303' title='bbox 467 3795 665 3848; x_wconf 72' lang='grc' dir='ltr'>ιιιιιιιιιιι.</span> <span class='ocrx_word' id='word_1_304' title='bbox 684 3822 715 3836; x_wconf 87' lang='grc'><strong>--</strong></span> <span class='ocrx_word' id='word_1_305' title='bbox 740 3798 772 3865; x_wconf 59' lang='grc' dir='ltr'><strong>ι)</strong></span> <span class='ocrx_word' id='word_1_306' title='bbox 789 3796 880 3850; x_wconf 71' lang='lat' dir='ltr'><strong>nonu.</strong></span> <span class='ocrx_word' id='word_1_307' title='bbox 902 3795 943 3850; x_wconf 88' lang='grc' dir='ltr'>ιιι.</span> <span class='ocrx_word' id='word_1_308' title='bbox 961 3811 986 3863; x_wconf 69' lang='grc' dir='ltr'><strong>μ</strong></span> <span class='ocrx_word' id='word_1_309' title='bbox 1006 3797 1047 3850; x_wconf 86' lang='grc' dir='ltr'><strong>ιο.</strong></span> <span class='ocrx_word' id='word_1_310' title='bbox 1066 3825 1099 3836; x_wconf 93' lang='grc'>-</span> <span class='ocrx_word' id='word_1_311' title='bbox 1115 3794 1146 3862; x_wconf 85' lang='grc' dir='ltr'><strong>ι)</strong></span> <span class='ocrx_word' id='word_1_312' title='bbox 1165 3785 1197 3842; x_wconf 81' lang='grc' dir='ltr'><strong>ιι</strong></span> 
     </span>
     <span class='ocr_line' id='line_1_40' title="bbox 249 3865 780 3933; baseline 0 -15"><span class='ocrx_word' id='word_1_313' title='bbox 249 3874 390 3919; x_wconf 76' lang='lat' dir='ltr'><strong>nanctae.</strong></span> <span class='ocrx_word' id='word_1_314' title='bbox 409 3895 440 3908; x_wconf 89' lang='lat'>-</span> <span class='ocrx_word' id='word_1_315' title='bbox 459 3866 491 3933; x_wconf 83' lang='lat'><strong>5)</strong></span> <span class='ocrx_word' id='word_1_316' title='bbox 509 3865 600 3920; x_wconf 82' lang='lat' dir='ltr'><strong>Genea.</strong></span> <span class='ocrx_word' id='word_1_317' title='bbox 617 3866 661 3930; x_wconf 77' lang='lat'><strong>28,</strong></span> <span class='ocrx_word' id='word_1_318' title='bbox 679 3866 720 3922; x_wconf 80' lang='grc'><strong>12.</strong></span> <span class='ocrx_word' id='word_1_319' title='bbox 740 3867 780 3920; x_wconf 85' lang='grc'><strong>13.</strong></span> 
     </span>
    </p>
   </div>
   <div class='ocr_carea' id='block_1_17' title="bbox 0 0 1265 4254">
    <p class='ocr_par' dir='ltr' id='par_1_17' title="bbox 0 0 1265 4254">
     <span class='ocr_line' id='line_1_41' title="bbox 0 0 1265 4254; baseline 0 0"><span class='ocrx_word' id='word_1_320' title='bbox 0 0 1265 4254; x_wconf 95' lang='lat' dir='ltr'><strong> </strong></span> 
     </span>
    </p>
   </div>
  </div>
 </body>
</html>
