2512 4254
310 277 364 338 Du
385 273 570 346 DNERSIS
591 273 827 339 VISIONIBUS.
1045 281 1085 340 83

70 405 120 458 stro
139 401 259 460 morienti
290 403 321 460 in
350 399 462 460 cuculla
491 417 557 462 oum
584 405 674 460 matre
697 401 839 476 apparuit.
880 395 1087 461 NOVIOIUS:
1142 431 1145 442 ι

70 485 143 562 Quod
166 505 252 564 genus
280 490 398 549 visionis
429 488 543 548 videnu
576 487 628 546 tihi
656 487 844 564 praecellere,
875 486 946 546 illud
978 487 1088 547 scilieet

68 573 135 648 quod
153 574 183 632 tt
201 577 230 634 in
250 578 374 650 somnis,
402 577 464 634 sivo
491 573 562 632 illud
594 575 671 650 quod
700 573 732 632 fit
761 577 789 632 in
823 589 942 634 excessu
962 572 1087 634 montisi

66 657 282 722 MONACHUS:
311 660 352 722 Ut
370 661 482 737 plenius
504 659 540 720 de
561 659 617 720 hac
640 663 806 737 quaestione
828 668 856 720 te
878 660 1011 737 expedire
1032 677 1087 721 va-

66 747 137 822 lam,
157 748 281 809 diversas
302 750 477 809 somniorum
499 763 600 808 cauum
621 749 673 807 tibi
695 747 875 825 distinguam.

415 885 648 948 CAPITULUM
667 887 720 948 IV.

168 993 214 1052 De
234 992 401 1052 donatote
422 996 614 1065 commones,
637 999 664 1052 ct
685 995 795 1052 visione
816 990 974 1066 spirituali.

121 1111 264 1174 Semurium
286 1113 457 1190 quandoque
473 1113 506 1172 tit
528 1129 564 1172 ex
584 1111 709 1188 reliqniis
720 1114 925 1189 cogitationum
947 1119 976 1171 et
998 1113 1086 1186 curis,

68 1199 269 1276 qnandoqueex
281 1201 412 1277 crapula3
435 1201 607 1276 quandoque
619 1215 654 1258 ex
674 1201 828 1259 inanitione
850 1199 970 1274 ventris;
993 1215 1087 1274 quan·

68 1284 149 1361 doque
170 1304 203 1346 ex
223 1287 352 1348 illusione
367 1296 395 1347 et
414 1288 566 1348 fantastica
586 1288 788 1362 imaginatione
810 1287 914 1346 inimici
929 1288 990 1345 sine
1001 1302 1087 1361 prae·

38 1371 171 1433 cedente
204 1375 389 1451 cogitatione3
428 1373 601 1450 quandoque
639 1390 675 1433 ex
706 1375 863 1452 praemissa
900 1373 1088 1449 cogitatione,

66 1457 180 1522 illusione
200 1467 314 1536 secuta3
336 1461 508 1537 quandoque
530 1478 581 1536 per
602 1461 807 1543 revelationem
819 1459 940 1535 Spiritus
962 1461 1053 1520 sancti
1064 1456 1088 1539 ¹),

67 1561 130 1618 quae
150 1547 243 1606 multis
264 1547 356 1606 modis
377 1548 425 1624 fit;
454 1555 483 1607 et
505 1553 548 1607 est
569 1547 625 1606 hoe
647 1564 738 1624 genus
760 1549 861 1605 somnii
884 1545 1088 1622 dignissimum.
1113 1587 1117 1595 -

67 1627 118 1692 llec
138 1639 228 1694 lamen
256 1637 365 1710 minua,
398 1637 455 1693 imo
484 1635 576 1711 magis
609 1636 783 1693 meritorium
806 1639 863 1706 est,
896 1634 920 1692 si
953 1633 1088 1710 cogitatio

68 1727 154 1780 saneta
173 1718 364 1801 praecessio).
407 1721 498 1798 Igitur
520 1737 690 1798 quocunque
711 1720 797 1780 modo
819 1719 954 1778 visiofiat
970 1726 1088 1778 noctur—

68 1819 112 1880 na,
130 1823 190 1867 meo
211 1808 315 1868 iudicio
337 1808 386 1868 illa
407 1825 482 1884 quae
503 1808 536 1866 lit
556 1825 608 1883 per
629 1810 731 1866 mentis
754 1823 903 1867 excessum
925 1806 1089 1880 antefertur,

69 1893 125 1966 quie
144 1896 250 1970 certior,
272 1897 340 1971 quia
360 1898 456 1970 rarior,
479 1898 547 1972 quia
567 1894 723 1953 iucundior.
773 1894 855 1952 Prior
878 1891 1088 1988 visioxquando

69 1975 98 2037 de
117 1979 281 2042 coelestibus
303 1988 354 2057 eat,
374 1984 486 2058 proprie
508 1981 618 2040 dicitur.
631 1981 781 2057 revelati03
809 1979 936 2040 secunda
959 1985 1089 2040 contem-

68 2063 150 2140 platio.
189 2067 224 2128 In
245 2075 368 2144 utraque
389 2069 476 2128 homo
497 2071 616 2128 moritur
637 2070 775 2142 exterior,
804 2074 833 2127 et
866 2069 945 2144 viget
965 2068 1088 2126 interior.

68 2151 112 2212 llla
129 2161 170 2214 cst
188 2153 262 2215 irrina
283 2157 436 2230 rationem,
466 2161 495 2215 et
522 2155 586 2216 idco
619 2155 707 2216 hahet
738 2157 887 2230 meritum;
915 2156 971 2214 ista
1002 2171 1090 2230 supra

68 2240 204 2318 ationem,
247 2241 324 2302 unde
370 2245 462 2318 magis
504 2245 645 2319 pertinere
685 2241 799 2302 videtur
843 2242 882 2300 ad
922 2242 1090 2317 praemium.

69 2323 176 2402 Quando
204 2346 286 2388 mens
313 2345 365 2404 per
392 2329 661 2407 contemplationem
686 2332 715 2387 in
737 2329 834 2390 Deum
861 2327 955 2402 vadit,
988 2343 1090 2386 sensus

69 2415 168 2474 utonis
196 2415 300 2476 deficit.
349 2415 425 2475 Hine
455 2422 499 2476 est
527 2416 605 2492 quod
638 2419 666 2474 in
703 2422 766 2476 ortu
798 2415 959 2492 Benyamin
979 2412 1090 2474 Rachel

69 2501 178 2560 moritur.
234 2497 361 2579 Rachel,
409 2519 483 2578 quae
521 2505 721 2580 interpretatur
748 2504 841 2561 visum
883 2497 1089 2578 principium³),

70 2581 184 2664 designat
206 2591 363 2665 rationem;
391 2589 566 2666 Benyamin,
607 2591 688 2648 cuius
715 2591 908 2664 interpretatio
940 2594 984 2646 cst
1014 2587 1099 2646 finus

69 2669 193 2752 dexterae,
214 2676 491 2752 contemplationem.
541 2675 651 2736 Rachel
682 2692 751 2736 vero
782 2678 810 2734 in
839 2677 988 2734 nativitate
1009 2674 1090 2733 Ben-

69 2762 149 2832 yamin
166 2765 299 2838 moritur,
332 2779 397 2823 cum
419 2761 454 2822 de
483 2765 592 2823 ratione
615 2763 780 2822 coelestium
811 2760 1013 2836 contemplatio
1035 2772 1090 2820 ua·

69 2847 147 2906 sdtun
189 2849 322 2926 Quantae
343 2852 381 2908 sit
400 2850 576 2909 infirmitatis·
592 2867 693 2910 sensus
713 2851 839 2922 rationis,
861 2864 942 2908 mens
963 2850 1089 2906 intrate

70 2935 200 3008 utaentur.
255 2933 388 3013 Quodsi
419 2953 519 2996 verum
547 2952 604 2995 non
638 2943 726 3012 esset,
755 2934 912 3012 Apostolus
942 2949 1090 2997 excessum

70 3033 138 3092 uum
163 3021 347 3082 manifestans
375 3040 433 3083 non
462 3023 581 3083 diceret:
610 3024 678 3084 Sive
698 3027 731 3082 io
752 3039 887 3098 mopere,
916 3023 976 3080 aive
1004 3028 1090 3082 cano

70 3122 166 3184 mmor,
187 3113 292 3183 aucto,
313 3111 397 3170 Deua
417 3103 510 3190 seul).
542 3108 745 3170 NOVlCIUS:
767 3109 849 3168 Licet
869 3109 942 3167 visio
955 3109 1090 3184 spiritua·

85 3223 109 3290 1)
123 3225 221 3296 Gregor.
239 3225 302 3278 Dial.
320 3225 361 3290 tv,
378 3227 426 3280 482
445 3225 489 3296 „ln
506 3225 556 3278 hoc
572 3225 701 3278 sciendum
720 3233 774 3287 ast,
792 3227 851 3292 quia
869 3239 914 3276 sex
931 3223 1013 3276 modis
1031 3233 1090 3276 tan-

124 3305 182 3364 gent
204 3298 313 3348 animum
336 3297 457 3366 imagines
486 3295 647 3348 somniorum.
694 3294 835 3364 Aliquando
859 3310 968 3362 namque
993 3296 1090 3346 somnia

125 3367 214 3418 ventris
225 3365 390 3433 plenitudiue,
402 3365 444 3417 val
455 3365 585 3430 inanitus,
602 3363 735 3434 aliquando
747 3381 808 3418 vero
821 3363 944 3428 illusione,
956 3363 1090 3432 aliquando

125 3436 272 3502 cogitatione
298 3433 371 3490 simul
394 3434 572 3498 stillatione,
599 3433 732 3503 aliquando
759 3435 928 3498 revelatione,
956 3433 1090 3502 aliquando

125 3512 204 3556 autern
228 3505 380 3576 cogitatione
404 3504 477 3558 simul
500 3512 526 3555 et
549 3504 703 3556 revelatione
732 3503 910 3571 generantur.“
930 3531 960 3541 -
994 3503 1027 3570 2)
1050 3501 1090 3554 BP

126 3576 350 3640 praecesserit.
368 3603 400 3614 -
419 3576 451 3642 3)
469 3573 574 3642 Gregot.
593 3573 679 3626 Morti.
695 3573 747 3634 vit,
764 3574 806 3636 st,
824 3574 870 3626 61:
890 3571 999 3640 ,Rachel
1017 3585 1090 3622 narn-

158 3657 172 3694 a
199 3646 279 3698 viuum
315 3645 480 3712 principium,
512 3643 556 3696 hia
590 3653 674 3696 autern
708 3643 834 3694 laboriosa
858 3641 974 3692 dicitur.“
1001 3667 1032 3680 -·
1057 3640 1089 3704 l)

126 3656 180 3768 hh.
201 3714 236 3780 ll,
256 3715 303 3778 12,
331 3715 356 3766 2.
374 3713 464 3766 Romil.
484 3712 502 3765 1.
521 3727 547 3780 p.
565 3713 611 3764 56:
630 3713 688 3782 „Sic
706 3711 808 3764 devotio
826 3727 881 3761 curn
902 3709 1015 3774 spirltum
1032 3722 1090 3758 snr-

128 3796 177 3835 snm
206 3787 233 3836 in
260 3797 391 3836 excessum
420 3785 501 3850 rapit,
534 3783 615 3847 ipsam
645 3783 766 3834 rationem
796 3778 828 3830 ad
854 3775 979 3828 delectum
1004 3775 1088 3827 trahit.
1105 3835 1118 3851 β

128 3849 193 3904 Unde
216 3853 404 3921 scriptumest,
430 3851 497 3922 quod
521 3860 642 3902 nascente
660 3847 802 3912 Beniamin,
819 3853 916 3898 mortua
935 3847 967 3896 sit
987 3839 1089 3894 Rachel.
