2608 4252
437 241 491 301 DE
513 240 669 303 SANCTA
687 241 828 302 utum,
1111 245 1152 302 39

109 366 240 424 tonitrua
265 381 359 440 neque
387 363 519 440 fulmina,
548 382 669 440 quorum
690 367 790 424 timore
812 367 925 440 saepius
947 364 1094 442 affligeris,
1124 372 1153 425 te

107 451 239 512 madent.
279 451 384 527 Sicque
414 452 452 512 ad
479 453 569 512 altare
590 453 716 528 rediens,
744 455 774 510 in
803 453 892 511 oculis
914 455 984 510 meis
1007 452 1154 528 disparuit.

106 537 150 599 Et
171 541 271 598 statim
291 538 423 614 intellexi,
445 542 513 615 qnia
532 543 596 616 ipsa
617 547 693 600 esset
711 538 834 598 clemens
856 539 912 614 illa,
932 541 982 614 pia
1003 557 1038 598 ao
1060 539 1152 599 dulcis

104 625 219 685 Maria.
266 624 316 684 Ab
342 625 391 685 illa
420 629 494 686 enim
526 627 597 688 hora
624 644 716 701 usque
737 627 823 685 hodie
845 645 863 684 a
884 629 984 684 timore
1004 626 1151 700 praedicto

105 717 336 790 tempestatum,
371 730 430 788 qno
464 716 548 772 nimis
580 713 739 788 afficiebar,
774 715 880 772 meritis
902 714 1005 770 beatae
1026 709 1152 790 Virginis

104 797 253 860 liberatus
275 817 346 859 sum.
379 799 581 860 NOVICIUS:
605 801 751 876 Quantum
773 819 808 859 ex
830 800 885 858 hac
908 803 1015 858 visione
1038 800 1150 876 colligo,

105 887 231 946 videtur
251 887 328 963 qnod
348 889 377 945 in
398 890 567 962 sequentiis,
588 887 735 946 cantilenis
756 894 785 945 et
805 887 919 964 hymnis
940 887 1058 961 aliisque
1081 904 1151 944 can-

105 973 230 1034 tibusin
244 977 305 1033 eius
317 974 551 1050 honoredictatis,
567 973 719 1050 plurimum
734 974 897 1046 delectetur.
917 973 1152 1033 MONACHUS:

106 1060 182 1122 Hoc
206 1067 316 1122 eertm
336 1069 388 1138 est,
412 1065 436 1122 si
457 1067 554 1120 tamen
575 1061 718 1120 humiliter
739 1068 767 1120 et
789 1061 892 1122 devote
914 1063 954 1121 cis
972 1057 988 1140 ¹)
1010 1060 1152 1120 laudetur.

457 1251 690 1312 CAPITULUM
709 1251 814 1311 XXX.

108 1375 163 1434 De
188 1373 277 1432 beatu
289 1372 441 1433 Elisabeth
463 1374 499 1432 de
516 1374 672 1447 Scoacuio,
695 1391 773 1450 quac
794 1375 836 1432 od
855 1375 939 1432 illum
960 1375 1152 1433 uersiculum:

132 1461 223 1520 Audi
243 1477 305 1533 acu,
328 1469 355 1520 et
376 1468 480 1533 cetero,
502 1462 575 1520 cidit
596 1469 731 1520 eoactum
752 1460 885 1519 Martum
904 1463 988 1538 flexis
1009 1461 1130 1536 canibus

380 1547 529 1606 Christum
548 1565 605 1624 pro
627 1555 775 1606 coauuttu
798 1565 894 1606 ordre.

182 1665 326 1744 Tempore
354 1669 496 1744 quodam,
525 1671 598 1728 sicut
627 1687 662 1728 ex
683 1669 819 1728 relatione
840 1667 1034 1744 religiosorum
1057 1667 1157 1743 didici,

109 1771 186 1814 cum
218 1761 375 1828 conventus
407 1756 664 1815 sanctimonialium
695 1759 724 1814 in
752 1756 896 1816 Soonavia
907 1751 927 1834 ²)
961 1757 1154 1830 sequentiam:

94 1831 184 1902 'Ave
200 1843 360 1917 praeclara
388 1847 479 1901 mot-is
501 1844 600 1916 sulla,
628 1846 657 1902 in
680 1843 805 1917 quadam
826 1842 1015 1900 sollemnitate
1036 1849 1154 1901 sanetae

109 1929 176 1988 Dei
199 1927 348 1988 Genitticis
370 1929 533 1990 decantaret
554 1930 744 2004 devotissime,
765 1929 935 1988 venerabilis
955 1931 1035 2006 virgo
1057 1929 1153 1992 Elina-

111 2015 198 2089 betln,
219 2023 287 2074 tunc
306 2015 413 2075 ibidem
434 2019 577 2093 magistra,
599 2019 702 2076 mentis
725 2033 873 2077 excessum
894 2033 994 2092 passa,
1015 2015 1054 2074 ad
1073 2016 1154 2075 illum

109 2101 306 2163 versiculum:
334 2104 415 2162 Audi
435 2121 505 2176 aas,
533 2121 605 2162 acm
628 2111 655 2163 te
681 2105 760 2180 {ilius
780 2105 854 2162 aibil
875 2121 987 2178 aecana
1009 2104 1151 2174 honorat,

110 2190 191 2250 vidit
210 2187 365 2249 Dominam
394 2197 521 2250 nostram
549 2190 630 2250 flexis
658 2192 779 2267 genibus
807 2207 858 2266 pro
887 2189 988 2249 eodem
1011 2195 1154 2248 conventu

109 2293 219 2354 preces
240 2276 413 2336 fundentem.
456 2277 503 2336 Ab
526 2277 575 2337 illa
596 2280 672 2336 enim
693 2277 738 2336 die
759 2295 851 2352 usquc
872 2277 957 2336 hodie
980 2293 1015 2335 ex
1038 2278 1153 2334 institu-

109 2366 196 2424 tione
221 2365 279 2422 iam
308 2363 400 2424 dictae
421 2363 573 2424 Elisabeth
600 2363 677 2424 idem
705 2371 862 2424 conventus
883 2363 921 2422 ad
942 2363 1065 2424 eundem
1085 2379 1154 2422 ver·

109 2449 252 2525 siculum,
281 2467 346 2510 cum
366 2455 515 2527 sequentia
537 2451 716 2526 decantatur,
744 2454 858 2511 veniam
878 2459 975 2528 petere
996 2451 1153 2510 consucvit.

450 2641 684 2704 CAPITULUM
700 2643 821 2703 XXXI.

160 2762 236 2822 Item
258 2763 293 2822 de
314 2764 432 2836 ederim,
454 2767 502 2824 cui
524 2765 566 2822 ad
585 2765 669 2824 illum
691 2765 882 2824 uersiculum:
912 2763 976 2822 Ora
1004 2761 1109 2838 Viaco,

368 2858 473 2912 sanctu
494 2851 597 2910 Morio
617 2869 729 2927 panem
750 2855 782 2946 iga
804 2867 836 2910 os
857 2853 943 2908 miett.

180 2969 269 3046 Apud
300 2975 503 3031 monasterium
535 2975 625 3032 sancti
655 2972 785 3031 Cnisantii
817 2971 1003 3030 scholasticus
1037 2970 1152 3045 qnidam

111 3057 170 3116 luit
189 3059 304 3118 nominc
316 3058 429 3133 Daniel,
450 3076 554 3135 pueros
575 3060 633 3118 illic
654 3062 795 3119 instruens
804 3055 834 3138 ³).
877 3057 954 3116 Huic
976 3057 1152 3118 cousuetudo

52 3146 56 3154 '
110 3144 177 3220 luit,
198 3143 300 3204 dicbus
322 3146 438 3222 singulis
460 3146 587 3205 eiusdem
609 3147 746 3205 ecclesiae
767 3148 886 3220 criptam
905 3147 1024 3220 intrare,
1049 3151 1078 3204 et
1099 3161 1151 3204 co·

112 3248 177 3290 nam
195 3231 277 3292 altari
293 3232 374 3291 flexis
387 3233 508 3310 genibus
522 3225 890 3309 praedictam‘sequentiam
911 3235 940 3290 in
962 3234 1022 3290 eius
1043 3231 1151 3290 honore
1198 3232 1205 3282 i

112 3317 276 3378 decantare.
318 3317 384 3378 Hoc
412 3337 477 3380 cum
503 3337 555 3396 per
583 3319 698 3394 aliquod
725 3326 838 3395 tempus
865 3322 1026 3393 actitasset,
1056 3325 1085 3380 et
1113 3316 1151 3376 ad

111 3404 194 3464 illum
225 3406 410 3468 versiculum:
444 3408 509 3466 Orc
546 3408 634 3482 Vtryo
662 3424 717 3466 ace
744 3396 803 3465 'illo
828 3425 911 3481 puae
946 3406 1017 3464 coeli
1047 3406 1151 3480 diyaca

113 3491 205 3566 effici,
236 3509 349 3568 semper
377 3493 520 3570 surgendo
549 3497 663 3554 veniam
691 3499 816 3570 peteret,
844 3493 890 3552 die
919 3491 1044 3568 quadam
1065 3493 1150 3550 beata

131 3677 163 3748 1)
181 3675 203 3732 G
220 3692 289 3728 cum
305 3680 369 3742 eie,
391 3678 413 3729 b
429 3680 461 3730 in
479 3681 535 3730 eis.
555 3708 586 3721 -
605 3679 637 3747 2)
655 3679 791 3743 Sounoua,
814 3677 979 3742 Schinau,
1001 3674 1148 3744 coenobium

182 3747 471 3870 {agontitialtigmnlsiioecesis
487 3748 707 3817 llerbipolitanae,
731 3749 763 3801 ad
788 3748 890 3801 fluvium
912 3746 977 3798 laxa
997 3775 1028 3788 -·
1055 3745 1088 3813 3]
1110 3743 1149 3796 GP
