2512 4254
190 275 249 342 118
466 331 468 338 .
504 219 730 342 Dissiliomo
753 276 916 342 octavu

513 501 745 566 CAPITULUM
764 504 875 567 XLVI.

223 642 272 702 De
291 641 456 702 bmrslnibus
483 645 536 720 oui
554 644 693 704 omnum
713 644 854 720 reliquias
873 647 982 706 montis
1003 643 1175 722 daemoes

472 733 687 806 trurnmiprare
706 734 739 790 iss
759 727 939 807 Strosnberp.

250 867 294 928 Eo
320 878 448 946 ternpore
470 886 527 954 quo
550 868 681 929 dominus
702 869 896 932 Theodericus
918 869 1094 932 coloniensis
1113 868 1208 930 Archi·

187 955 339 1033 episcopus
361 958 409 1032 qui
431 955 525 1016 adbuc
546 962 692 1032 superest,
717 963 842 1016 castrum
863 959 893 1016 in
916 955 1099 1034 Gudinsberg
1117 955 1209 1016 aedifi·

65 1099 67 1104 .
186 1045 271 1118 cavit,
292 1042 424 1103 sacerdos
439 1041 555 1120 quidam
569 1043 716 1120 religiosus
730 1061 749 1103 a
764 1043 882 1104 Colonia
902 1043 1025 1122 rediens,
1047 1061 1111 1106 cum
1130 1043 1208 1102 monti

185 1131 244 1188 iam
266 1127 333 1188 dieti
353 1131 475 1188 nominis
496 1131 723 1206 propinquasset,
744 1135 876 1191 sanctum
889 1119 1073 1208 Mychaelem
1088 1129 1208 1190 Archan-

186 1214 283 1292 gelum
311 1217 340 1274 in
370 1218 466 1292 specie
495 1217 570 1276 bene
597 1223 681 1292 nota,
714 1216 749 1276 de
772 1234 806 1277 eo
828 1219 858 1276 in
879 1219 1005 1278 vicinum
1026 1224 1146 1279 montem
1162 1215 1208 1292 qul

185 1299 353 1380 Stromberg
374 1303 483 1377 dicitur,
504 1304 533 1361 in
556 1321 613 1379 quo
635 1305 774 1364 memoria
793 1311 837 1365 est
852 1301 960 1384 Petril
982 1307 1116 1381 principis
1134 1303 1208 1380 Apo·

185 1386 333 1463 stolorum,
354 1389 407 1449 alis
425 1392 549 1450 extensis
566 1390 663 1450 volare
685 1394 841 1468 conspexit.
883 1391 995 1452 Eodem
1016 1398 1142 1468 tempore
1159 1387 1208 1448 ho·

185 1491 233 1535 mo
256 1476 372 1551 quidem
391 1477 584 1537 Theodericus
605 1480 728 1552 nomine,
751 1477 786 1538 dc
807 1477 876 1537 villa
896 1480 1027 1554 proxima
1047 1496 1113 1538 cum
1131 1491 1207 1536 uxore
1247 1465 1248 1514 l

185 1561 224 1621 ad
251 1563 401 1624 ecclesiam
427 1581 597 1642 properans,
627 1565 663 1624 de
691 1563 836 1641 praedicto
861 1572 958 1626 monte
980 1563 1134 1642 capsellam
1151 1580 1208 1623 curn

185 1648 311 1726 reliqniis
333 1669 419 1728 quam
441 1669 527 1728 saepe
549 1651 671 1727 videret,
700 1649 813 1732 super²)
834 1651 1002 1730 strumberg
1024 1669 1077 1729 per
1096 1644 1207 1728 aerem³)

186 1736 253 1798 duci
272 1737 352 1797 vidit.
385 1737 482 1799 Ambo
494 1739 574 1798 illam
587 1738 728 1814 viderunt,
751 1745 779 1798 et
791 1755 884 1815 usque
897 1737 983 1800 hodie
997 1739 1083 1800 ambo
1091 1734 1113 1818 ⁴)
1133 1743 1208 1797 testes

185 1831 253 1883 sunt
281 1831 378 1886 tantae
407 1827 533 1887 visionis.
582 1825 614 1885 Si
642 1826 711 1885 mihi
739 1827 833 1885 minus
861 1825 968 1901 credis,
986 1827 1137 1902 ¹interroga
1160 1821 1206 1882 do·

185 1912 295 1969 minum
316 1911 503 1972 Wilbelmum
523 1913 702 1973 sacerdotem
724 1911 759 1971 de
780 1912 963 1990 stromberg,
990 1915 1039 1990 qni
1060 1929 1091 1972 se
1112 1912 1146 1972 ab
1165 1924 1207 1970 ore

184 1995 297 2056 illorum
327 2001 376 2074 qui
403 1997 475 2058 baec
504 1998 636 2072 viderunt
664 1997 808 2060 audivisse
837 2005 973 2075 testatur,
1002 2005 1031 2060 et
1059 1997 1133 2059 dicet
1156 1995 1206 2056 tibi.

184 2082 323 2144 Habebat
340 2087 459 2145 enimet
475 2085 570 2145 adhuc
588 2085 676 2146 babet
691 2093 808 2146 sanetus
822 2085 1021 2163 Archangelus
1041 2087 1071 2145 in
1093 2083 1206 2146 Gudins·

80 2181 87 2190 ’
184 2171 264 2247 berg,
285 2170 332 2230 vel
353 2178 386 2230 ut
407 2171 455 2231 alii
477 2172 574 2232 dicunt
593 2175 624 2232 in
640 2173 845 2250 Wudlnsberg,
868 2173 1019 2233 ecclesiam
1041 2175 1145 2232 nomini
1161 2184 1206 2229 suo

185 2263 380 2318 consecratam
389 2254 418 2338 ε).
468 2259 506 2318 Et
534 2277 599 2320 curn
623 2265 699 2319 esset
719 2277 801 2320 mons
822 2257 898 2320 idem
919 2260 997 2320 sortis
1018 2261 1101 2336 setis,
1131 2265 1156 2318 et
1175 2253 1207 2314 ad

184 2346 329 2405 munimen
357 2347 520 2421 provinciae
543 2347 616 2406 bene
637 2349 723 2422 situs,
756 2345 851 2406 nullus
872 2354 969 2406 tamen
989 2348 1018 2407 in
1040 2364 1075 2407 co
1097 2351 1206 2406 cosmum

184 2429 335 2491 aedificare
348 2435 547 2509 praesumpsit,
569 2433 705 2508 quiahoc
722 2451 780 2494 non
797 2451 882 2510 posse
903 2434 964 2494 fieri
985 2434 1023 2494 ob
1044 2432 1206 2511 praedictam

184 2520 352 2578 memoriam
374 2520 411 2579 ab
433 2520 533 2579 incolis
553 2521 737 2580 referebatur.
779 2520 947 2585 Praedictus
968 2537 1039 2580 vero
1061 2517 1206 2580 Tbeoderi·

185 2621 237 2666 cus
257 2605 419 2665 huiusmodi
440 2606 530 2666 verba
551 2624 609 2666 non
630 2606 793 2682 attendens,
815 2612 844 2667 et
865 2613 990 2667 castrum
1011 2609 1040 2666 in
1063 2624 1097 2668 eo
1118 2601 1205 2668 aedid-

185 2708 270 2768 cans,
298 2699 453 2769 autequam
481 2710 578 2754 nrnros
606 2696 667 2754 eius
691 2693 869 2771 perfecisset,
899 2693 1044 2771 depositus
1066 2700 1116 2755 est.
1154 2691 1206 2750 Nec

184 2776 299 2860 miron)
327 2781 353 2840 si
386 2781 424 2842 ab
460 2779 562 2840 eodem
591 2787 683 2840 castro
713 2781 843 2858 angelica
869 2787 1049 2842 recesserunt
1074 2777 1204 2848 subsidia,

185 2868 266 2926 cuius
294 2869 390 2928 omnia
417 2885 491 2944 pene
513 2866 643 2927 aedificia
665 2886 701 2928 ex
721 2870 814 2928 usuris
837 2868 985 2929 cuiusdam
1005 2867 1111 2929 Judaei
1131 2879 1206 2942 quem

183 2953 327 3026 praefatus
357 2961 472 3031 ceperat
491 2953 651 3031 Episcopus
673 2961 740 3014 sunt
761 2963 931 3016 constructa.
975 2954 1068 3031 Quam
1089 2957 1206 3031 potenter

183 3045 300 3098 sauctus
314 3040 450 3118 Mychael
463 3040 619 3102 electorum
638 3044 748 3101 animas
768 3045 798 3102 in
820 3043 897 3103 exitu
918 3043 955 3102 ab
977 3043 1096 3102 inimicis
1117 3039 1204 3100 delen-

184 3122 248 3199 dat,
277 3125 375 3187 audies
403 3131 433 3187 in
466 3127 644 3190 distinctione
666 3129 835 3191 duodecima
857 3129 980 3206 capitulo
1003 3131 1110 3206 quinto.
1148 3125 1205 3184 Nou

183 3209 276 3271 solum
304 3213 407 3274 beatus
428 3215 563 3295 Mychael
586 3235 653 3276 cum
675 3219 774 3277 esteris
797 3217 927 3277 coelestis
948 3215 1066 3276 militiae
1087 3209 1204 3276 exerciti·

184 3298 239 3358 bus
265 3297 364 3358 fideles
391 3303 515 3378 protegit
543 3321 609 3363 curn
636 3305 809 3379 morluntur,
840 3302 892 3364 sed
918 3305 1006 3364 etlam
1026 3295 1205 3380 inpraesenti

183 3386 222 3445 ab
242 3384 373 3445 hostibus
393 3387 560 3448 visibilibus.

480 3571 916 3628 ψ

203 3781 234 3849 1)
252 3779 294 3834 sb
312 3776 513 3832 beuttPetri.
531 3805 564 3816 -
582 3778 614 3845 2)
632 3777 652 3830 B
671 3791 975 3846 supermontem...
994 3787 1201 3856 mflm,

253 3851 286 3919 4)
303 3849 394 3904 umbo
412 3863 452 3902 om
470 3845 521 3899 ub.
538 3874 569 3886 -
589 3847 621 3913 5)
638 3847 659 3898 B
676 3846 869 3904 dedicatum.
888 3881 920 3894 »-
939 3855 972 3923 6)
989 3856 1009 3910 c
1026 3859 1144 3911 mirum,
