2512 4254
316 300 371 394 nn
393 299 576 364 nwsnsrs
598 299 834 366 vrsronrsns.
1029 305 1091 367 rra

70 419 123 484 sibi
147 423 204 484 dari
222 426 337 502 petivit,
366 432 395 486 et
416 426 545 486 obtinuit
587 426 679 487 Eleeti
701 434 767 488 sunt
789 445 825 487 ex
845 425 994 488 monachis
1016 425 1091 488 duo·

71 509 169 588 deeius,
195 518 223 572 et
247 513 407 590 praediatus
434 513 616 573 Hermannus
645 517 674 573 in
703 513 850 574 Abbatem
879 515 920 582 eis
946 513 1111 574 ordinatus

70 602 121 658 est
158 597 212 676 Qui
231 605 298 660 aute
318 599 440 677 padum
460 601 637 677 presbyterii,
658 607 691 660 ut
711 602 796 678 longe
817 607 884 659 ante
905 600 1094 677 praeviderat,

68 699 172 744 nucem
198 689 371 762 suscipiens,
401 705 467 748 enm
495 689 537 746 eis
564 704 616 764 per·
643 691 789 765 navigium
812 690 896 746 *venit
916 690 945 746 in
966 695 1093 748 montem

66 769 230 849 amulag.
272 773 308 832 Irr
330 791 388 850 quo
409 775 500 834 tribus
523 777 603 834 annis
625 778 806 848 commorati,
836 773 1044 834 descenderunt
1063 776 1094 834 in

67 855 163 918 vallam
189 876 263 936 quae
291 878 368 920 nune
397 861 498 921 dieitur
524 849 617 922 Vallis
639 865 729 921 saneti
749 863 842 936 Petri,
867 861 924 921 illie
953 877 1035 920 muro
1057 860 1093 922 de

67 961 122 1020 quo
135 963 217 1022 supra
230 946 337 1006 dietum
351 955 403 1023 eat,
425 965 456 1008 se
475 947 649 1008 claudentes.
678 947 752 1008 Ossa
772 948 821 1008 illa
842 949 922 1008 arida
944 949 1095 1026 designant

66 1030 187 1093 hammes
215 1033 376 1096 saeculares
401 1035 553 1111 spiritualis
581 1039 689 1110 gratim
711 1039 865 1110 immunes,
896 1038 945 1111 qui
965 1037 995 1094 in
1017 1034 1094 1094 valle

67 1123 187 1180 moreni
199 1127 266 1180 sunt
280 1121 318 1180 ad
335 1124 424 1182 vitam
445 1122 615 1198 religiosam.
657 1123 777 1182 Flavius
798 1125 846 1197 qui
867 1140 918 1198 per
940 1123 1094 1181 oratorium

65 1221 128 1266 eum
158 1209 265 1283 impetu
301 1207 427 1284 fluebat,
461 1209 603 1285 signifieat
634 1209 736 1268 domus
764 1210 892 1268 eiusdem
920 1210 1094 1285 religionem.

67 1291 142 1370 Quae
168 1294 244 1354 elma
273 1301 316 1356 est
337 1313 388 1372 per
408 1298 560 1373 puritatem
582 1295 778 1371 traditionum,
812 1304 840 1356 et
861 1299 1021 1372 impetuosa
1042 1313 1094 1372 per

64 1377 197 1440 fervorem
228 1381 467 1444 observationum.
519 1382 604 1460 Quod
643 1385 740 1442 navim
769 1401 787 1442 a
816 1383 948 1443 oolumna
975 1385 1094 1458 avertit,

66 1467 124 1526 sine
149 1484 234 1548 eausa
261 1487 320 1528 non
343 1471 403 1530 fuit.
445 1470 609 1530 Nemeum
635 1476 792 1530 conventus
821 1487 907 1545 super
934 1470 1093 1546 praefatum

66 1554 184 1614 venisset
207 1563 350 1630 montem,
382 1563 412 1616 et
439 1556 528 1616 multa
557 1560 598 1616 eis
619 1559 781 1617 necessaria
803 1555 947 1630 deessent,
976 1556 1093 1630 quidam

68 1642 270 1700 reminiscentes
299 1643 492 1703 aedificiorum
514 1651 542 1703 et
563 1645 682 1704 aliorum
703 1642 857 1708 multorum
880 1661 954 1717 quae
976 1643 1093 1702 dimise·

67 1733 135 1802 rant,
155 1735 182 1788 et
194 1736 401 1789 murmurantes
422 1729 513 1790 redire
533 1731 648 1805 vellent,
670 1730 801 1790 dominus
821 1728 1004 1788 Hermannus
1025 1728 1093 1789 Ab·

67 1812 116 1871 bas
144 1833 207 1874 eum
235 1815 324 1875 semel
349 1834 385 1876 ae
413 1818 538 1876 seeundo
568 1818 604 1877 de
632 1818 843 1893 perseverantia
865 1834 914 1876 eos
935 1818 1094 1876 monuisset

68 1916 117 1958 nee
149 1903 326 1978 profecisset,
366 1905 447 1980 quasi
477 1922 528 1980 per
559 1905 722 1964 theutonem
749 1921 854 1962 navem
865 1899 881 1983 ¹)
913 1921 932 1964 a
961 1903 1096 1968 eolumna

69 1987 250 2063 submovens,
277 1992 330 2048 ait:
361 1990 494 2067 Cessare,
519 1998 607 2066 state,
629 1991 724 2050 nullus
745 1998 872 2050 vestrum
893 1997 1050 2050 revertetur
1058 1987 1095 2072 ²);

21 2094 26 2103 ·
70 2087 118 2148 ego
131 2075 323 2136 arthemonem
338 2073 467 2158 obieeil).
510 2078 539 2137 Is
553 2084 651 2138 autem
673 2093 759 2155 quern
781 2077 850 2137 dure
871 2079 990 2139 retraxit
1010 2076 1096 2136 Chri-

69 2165 131 2236 stus,
153 2179 218 2222 eum
235 2163 297 2223 aliis
319 2164 434 2240 quidem
454 2164 546 2224 inerat
567 2167 688 2241 scriptus
710 2173 739 2225 et
759 2166 929 2241 nominatus,
950 2163 1002 2224 sed
1023 2165 1096 2224 sub-

69 2252 206 2322 sequentis
232 2252 395 2328 importuna
422 2253 557 2328 petitione
585 2252 744 2311 submotus.
793 2252 861 2327 Ipse
882 2259 927 2311 est
946 2251 1097 2311 Johannes

69 2335 208 2410 meerdos,
237 2355 323 2413 quem
350 2337 492 2398 Dominus
519 2339 649 2398 modeste
672 2337 838 2412 extrahens,
869 2356 998 2398 seorsum
1020 2345 1098 2398 stare

70 2417 137 2482 ierit.
180 2423 252 2484 Cum
275 2432 417 2485 conventu
440 2427 567 2500 emissus,
590 2443 656 2485 eum
678 2433 821 2484 conventu
841 2443 899 2485 non
921 2426 1007 2500 stetit,
1029 2427 1098 2500 quia

70 2521 115 2581 per
129 2509 272 2571 licentiam
285 2519 423 2572 extortam
436 2515 569 2572 remissus
583 2519 639 2573 est'
676 2511 759 2572 Haee
772 2518 815 2571 est
827 2515 944 2572 visionis
957 2514 1098 2588 interpre-

71 2595 152 2672 tatio,
187 2597 344 2658 seeundum
379 2599 457 2675 quod
490 2600 528 2659 ab
559 2601 623 2675 ipso
659 2598 744 2658 didiei
777 2597 895 2659 Abbate
921 2598 1097 2658 Hermanno.

71 2677 264 2746 NOVICIUS:
291 2685 368 2745 Nihil
395 2686 442 2745 lrie
470 2692 503 2745 ut
525 2685 611 2745 video
632 2693 729 2744 aetum
751 2693 795 2745 est
816 2688 877 2745 sine
897 2691 969 2745 nutu
991 2685 1097 2744 divino.

71 2763 298 2832 MONACHUS:
312 2772 527 2849 'Navigantibus
542 2774 583 2832 eis
603 2774 632 2830 in
653 2771 765 2848 Rheno,
786 2773 860 2832 sient
881 2772 976 2832 adhue
998 2787 1098 2831 ornnes
1131 2809 1136 2826 .

71 2856 167 2930 quiex
187 2861 228 2919 eis
248 2861 350 2920 vivunt
370 2865 456 2920 testes
477 2867 552 2935 sunt,
572 2857 704 2919 videnmt
725 2875 812 2935 supra
832 2875 864 2918 se
885 2861 914 2917 in
937 2857 1017 2918 eoelo
1040 2851 1098 2918 eii·

72 2939 160 3004 eurum
187 2945 313 3006 lucidum
340 2952 369 3005 et
395 2954 506 3023 septem
531 2949 561 3005 in
588 2962 622 3006 eo
651 2945 736 3006 soles.
788 2943 990 3007 NOVICIUS:
1021 2943 1099 3021 Quid

72 3041 118 3100 per
144 3032 295 3107 uitulum,
323 3032 370 3092 vel
397 3033 466 3109 quid
487 3050 538 3109 per
559 3039 669 3108 septem
691 3032 765 3092 soles
786 3032 899 3092 videtur
919 3033 973 3092 tibi
991 3031 1098 3092 intelli·
1205 3101 1208 3108 ,

71 3115 209 3188 gendum?
262 3117 496 3182 MONACHUS:
538 3120 596 3182 Per
634 3120 770 3182 euenum
813 3117 936 3181 eundem
971 3119 1098 3198 intellige

89 3319 118 3386 1]
134 3319 153 3374 it
170 3325 284 3378 navim.
298 3355 330 3364 —
341 3325 373 3394 2]
392 3325 615 3392 enutritura:
631 3323 681 3396 ,Er
698 3325 763 3376 sient
779 3325 835 3390 ipsa
851 3322 912 3376 mihi
929 3322 1024 3386 retulit,
1040 3338 1098 3375 eum

135 3392 182 3444 iam
199 3392 231 3446 da
254 3397 442 3463 perseverantia
465 3394 656 3463 desperassent,
682 3403 709 3446 et
731 3393 843 3463 quotidie
864 3394 932 3446 illum
956 3392 989 3445 de
1014 3392 1098 3445 reditu

135 3461 304 3528 molestarent,
321 3467 376 3532 ipse
394 3481 448 3518 eum
459 3465 565 3534 quadarn
576 3467 724 3517 auctoritate
737 3479 852 3532 surgens,
869 3461 1098 3531 pusillanimitatem

135 3545 219 3586 eurum
231 3537 386 3604 compescuit
395 3535 493 3588 dicens:
512 3535 576 3602 Quid
589 3534 668 3590 timidi
680 3535 749 3598 estis,
767 3533 879 3586 modicae
890 3531 968 3586 rideri
1004 3530 1099 3584 Ceasa-

136 3607 170 3665 ta,
186 3612 298 3668 cessate3
312 3608 369 3674 qaia
387 3604 596 3660 nullusvestrum
614 3604 714 3659 redibit.
750 3601 884 3668 Coulidite,
901 3603 960 3671 quia
978 3601 1099 3656 Dominus

137 3674 288 3726 arationibus
306 3677 396 3730 vestris
414 3677 550 3740 excitatus,
572 3676 646 3728 citius
664 3691 737 3743 quarn
756 3675 849 3740 putatis
867 3671 1099 3740 imperabit·reutia

138 3747 163 3791 at
179 3743 253 3809 mari3
274 3751 300 3795 et
323 3744 367 3798 liet
390 3744 555 3813 tranquillitas
581 3759 679 3813 magna.
722 3741 795 3808 Quod
817 3751 875 3810 post
897 3757 977 3796 aanor
1004 3755 1098 3808 panem

138 3807 260 3878 impletum
283 3822 337 3878 est,
353 3830 404 3866 non
427 3815 480 3864 sine
507 3814 671 3866 admiratione
696 3809 856 3865 multorum.“
881 3839 913 3854 ·-
937 3811 969 3880 3)
993 3808 1014 3862 C
1037 3823 1064 3838 ⁶¹

139 3877 319 3938 tiemonem
335 3884 458 3950 abieci,
475 3883 545 3938 ADP
563 3899 621 3954 ega
637 3891 743 3936 antem
761 3882 944 3934 tiemonem
961 3878 990 3930 ι’
