2512 4254
260 214 339 296 'nn
358 223 542 300 orvsasrs¹
563 223 798 288 vrsrosrsns.
933 203 936 216 '
1006 224 1107 286 raet

56 353 105 422 m,
127 343 234 408 scholas
260 347 461 424 frequentavit
504 346 633 422 Cumque
656 348 687 406 in
708 347 844 407 cimiterio
859 345 947 410 multi
966 343 1070 408 lateres

56 439 136 493 essem
152 435 265 510 repositi
286 435 326 494 ad
345 435 483 494 fabricam
504 436 632 510 oratorii,
654 436 715 510 ipse
737 435 811 494 sicut
826 450 902 510 ‘puer
922 451 1012 494 uuum
1033 449 1070 494 ex

56 521 91 580 eis
106 519 177 598 tulit,
208 527 236 581 et
255 523 286 578 in
308 538 342 582 co
364 520 495 596 sculpere
516 523 618 597 eoepit
661 520 747 597 Quod
768 537 834 580 cum
854 523 989 597 maglster
1009 523 1070 588 eins

55 606 170 683 vidisset,
195 611 295 668 terruit
322 625 388 668 eum
416 609 528 668 dicens:
556 607 678 684 Depone
700 607 836 682 laterem,
864 609 1070 688 quiacxeom-

56 697 196 754 nmtcatu
227 711 267 754 es.
316 693 365 754 Ad
393 694 471 770 quod
496 695 618 754 ¹verbum
638 712 711 771 puer
731 697 860 769 lenitus,
887 688 956 753 mox
977 697 1072 770 eoepit

56 779 179 840 infirmari.
221 781 553 858 Gnmqucinvalescente
571 782 670 840 morbo
693 781 731 840 ad
753 787 879 840 extrema
900 779 1070 856 devenisset,

58 873 80 926 ct
101 863 203 948 qnasi¹)
231 870 290 928 iam
313 870 448 928 morituro
470 868 538 927 data
557 868 657 927 lirisset
679 867 799 928 candela
816 870 848 925 iu
869 884 973 941 manu,
999 865 1072 927 dnos

56 952 204 1030 Pontifices,
230 955 350 1014 beatum
371 954 478 1014 scilicet
497 955 693 1032 Nycholaum,
720 961 749 1014 et
769 960 900 1014 sanctum
921 953 1072 1013 Paternia-

57 1057 113 1099 nnm
136 1041 279 1118 praefatae
309 1041 445 1102 ccclesiae
473 1047 640 1118 patronum,
669 1058 765 1101 coram
793 1037 824 1100 se
855 1047 931 1101 stare
952 1039 1023 1100 vidit
1043 1045 1073 1100 et

58 1129 165 1202 agnovit
205 1127 329 1188 Stabant
349 1135 446 1188 autem
477 1130 507 1186 in
527 1129 629 1188 habitu
649 1127 823 1203 pontificali,
845 1134 874 1187 et
894 1129 923 1186 in
946 1127 1073 1188 claritate

58 1231 153 1290 magna
193 1213 330 1290 Dixitque
350 1215 389 1282 ad
409 1221 541 1274 sanctum
552 1215 754 1274 Paternianum
774 1215 878 1274 beatus
892 1214 1073 1290 Nycholausa

58 1299 102 1358 Vis
112 1308 141 1360 ut
152 1301 284 1361 tollamus
297 1319 417 1377 puerum
430 1304 517 1360 istum
538 1300 714 1362 nobiscum?
735 1301 894 1377 Respondit
914 1301 977 1360 ille:
998 1300 1074 1375 Non,

59 1388 114 1462 quia
135 1390 163 1447 in
189 1388 245 1449 alio
274 1389 371 1448 ordine
399 1391 541 1448 morietur.
584 1389 689 1464 sicque
714 1388 921 1464 disparuerunt
962 1387 1075 1447 Eadem

59 1471 117 1534 hora
125 1491 193 1550 puer
206 1475 409 1536 convalescens
430 1477 558 1550 surrexit,
579 1482 608 1536 et
629 1477 764 1552 magistro
787 1477 847 1534 eius
870 1476 918 1550 qui
939 1491 1075 1550 praesens

60 1559 136 1619 lucrat
160 1569 227 1620 tunc
254 1565 391 1638 temporis
417 1562 587 1621 miraculum
615 1562 794 1638 divulgante,
825 1563 855 1618 in
883 1561 1003 1621 ecclesia
1031 1567 1076 1620 est

61 1647 257 1723 compulsatum,
279 1655 309 1708 ct
328 1648 366 1708 ad
386 1649 524 1708 honorem
544 1655 687 1708 tantorum
709 1648 889 1722 Pontificum,
915 1648 955 1706 Te
975 1649 1076 1708 Deum

62 1732 200 1794 loedorice
228 1735 420 1796 decantatum.
466 1735 549 1796 Haec
577 1735 646 1794 mihi
673 1736 710 1796 ab
741 1735 842 1796 eodem
868 1732 965 1794 Adam
984 1750 1076 1812 nuper

63 1818 137 1881 relata
153 1828 226 1882 sunt.
895 1865 896 1870 η

359 2012 595 2076 CAPITULUM
627 2014 756 2076 LXXV.

138 2135 184 2194 De
198 2152 297 2212 pocae
313 2137 443 2211 *motem
463 2139 512 2196 cui
533 2143 652 2196 sanctos
673 2137 843 2216 Nycholaus
863 2142 988 2196 mortae

428 2241 515 2282 cuam
535 2225 692 2299 praedixit.

114 2337 146 2399 In
164 2341 231 2402 villa
253 2360 327 2417 quae
347 2343 495 2422 Leiglinge
516 2351 636 2410 vocetur
658 2351 687 2404 et
708 2346 783 2404 circa
805 2343 861 2404 duo
883 2343 1013 2402 milliaria
1034 2341 1080 2402 di·

64 2429 109 2483 stat
133 2445 149 2488 a
170 2428 304 2505 Colonia,
331 2438 396 2490 ante
422 2432 478 2491 hoc
508 2434 687 2508 septennium
717 2434 834 2508 contigit
854 2430 932 2506 quod
954 2429 1080 2490 dictunrs

63 2525 122 2570 som
166 2515 242 2575 Puer
270 2517 385 2592 quidam
413 2517 532 2594 simplex
560 2516 707 2578 cuiusdam
728 2525 877 2578 matronae
897 2516 955 2576 illic
975 2533 1081 2593 pecora

63 2601 136 2670 parit.
174 2601 230 2662 Hie
243 2604 360 2663 beatum
373 2605 552 2681 Nycholanm
565 2608 595 2664 in
611 2610 723 2665 tantum
744 2606 889 2682 diligebat,
909 2610 943 2662 ut
962 2601 1081 2679 singulis

63 2681 147 2746 dicbus
172 2689 354 2749 medictatem
380 2695 463 2768 panis
484 2695 528 2751 sui
548 2695 577 2750 in
599 2691 706 2752 honore
727 2691 800 2751 illius
821 2691 994 2768 pauperibus
1016 2704 1082 2748 ero-

63 2779 137 2844 garet
178 2773 361 2837 Orationibus
394 2781 480 2838 etiam
507 2779 627 2838 assiduis
654 2778 876 2839 miscricordiam
904 2779 965 2836 cius
991 2777 1082 2834 inter·

64 2857 180 2928 palabat.
224 2862 312 2924 Cuius
345 2863 455 2925 devotis
476 2867 620 2942 obsequiis
640 2867 742 2926 beatus
764 2865 895 2925 Pontifex
917 2861 1082 2938 delectatus,

66 2940 100 3002 lie
125 2947 246 3024 quadam
274 2952 299 3008 ei
325 2953 354 3010 in
383 2969 451 3028 agro
474 2970 629 3029 apparens,
657 2956 686 3012 in
708 2953 799 3012 forma
821 2957 850 3012 et
870 2951 970 3010 habitu
991 2965 1083 3009 vene-

66 3031 130 3091 randi
149 3038 232 3110 senis,
253 3039 305 3096 ait:
327 3038 403 3097 Puer
424 3040 515 3114 bona,
536 3043 613 3099 mina
634 3057 751 3116 gregem
773 3039 898 3098 domum.
942 3035 995 3096 eui
1016 3053 1083 3096 cum

65 3113 101 3176 ille
118 3121 314 3197 responderet:
335 3125 458 3185 Domine
480 3126 575 3186 adhuc
596 3129 679 3186 nimis
701 3132 745 3185 est
765 3142 858 3201 manc,
882 3127 907 3184 si
927 3124 983 3183 hoc
1003 3123 1084 3183 face-

66 3217 121 3280 rem,
140 3207 253 3268 domina
267 3228 332 3270 mea
344 3214 503 3288 increparet
524 3231 584 3290 mc;
607 3214 752 3272 subiunxit
772 3218 902 3273 sanctus:
923 3211 984 3270 Fac
1006 3208 1084 3286 quod
1118 3239 1123 3246 ·

67 3285 127 3366 diri,
152 3297 218 3369 quia
245 3296 330 3356 hodie
347 3304 425 3359 'ante
448 3298 515 3359 solis
537 3303 700 3359 occubitum
708 3296 728 3379 ²)
758 3301 893 3359 morieris.
936 3296 985 3357 Ad
1006 3293 1084 3372 quod

67 3377 199 3460 verbnm)
226 3400 298 3458 puer
325 3388 453 3461 territus,
482 3405 547 3447 cum
569 3389 754 3463 interrogaret
775 3403 857 3461 eum,
886 3385 999 3444 domine
1021 3383 1085 3456 quis

68 3460 109 3518 tol
141 3470 281 3544 respondit
317 3471 380 3534 ille:
412 3473 475 3550 Ego
512 3491 575 3533 sum
603 3473 770 3551 Nycholaus
797 3473 971 3548 Episcopus,
999 3483 1086 3544 quern

68 3561 166 3626 semper
199 3573 312 3634 exoras,
349 3565 378 3619 et
413 3563 459 3620 cui
489 3561 639 3638 prandiola
666 3567 717 3619 tua
744 3559 869 3619 dividere
898 3555 1085 3628 consuevisti3

69 3635 141 3696 modo
167 3645 230 3701 veni
256 3662 438 3707 remunerare
466 3653 503 3707 tc.
545 3647 629 3708 Vade
658 3663 726 3724 ergo
755 3647 793 3706 ad
821 3646 976 3720 hospitium
997 3647 1087 3713 tuum,

86 3783 113 3852 1)
128 3794 213 3858 quasi
229 3795 278 3848 add
295 3797 326 3851 B.
347 3829 377 3840 -
396 3799 428 3869 2)
445 3799 467 3852 B
486 3815 639 3852 occasum.
658 3828 691 3838 ·-
709 3798 741 3868 3)
759 3796 889 3851 verbum
907 3791 956 3845 add
973 3790 1004 3843 B.
1045 3767 1048 3775 ’
