2506 4254
327 280 382 344 ns
405 279 587 344 consona
611 264 779 342 csnrsm.
1021 279 1085 342 au

62 407 104 466 vit.
140 404 201 466 Hic·
223 421 289 465 cum
318 405 364 465 die
385 403 510 482 quadam
531 410 598 480 post
616 405 724 464 facum
743 397 1089 464 hanssuhsiantiutioncm

61 492 171 554 hosdem
186 490 362 568 deponeret,
394 492 430 552 de
451 491 533 551 altari
553 491 710 560 rotabatur.
760 489 856 566 Quam
887 502 954 550 cum
981 490 1089 566 ubique

62 581 127 639 eirca
146 578 234 639 altare
261 584 423 656 quaereret,
445 583 475 638 et
501 577 625 654 populus
653 595 719 638 cum
747 593 798 652 eo,
818 593 877 636 uon
898 582 944 636 est
963 578 1089 636 iuventa.

63 664 141 726 Hnud
168 665 287 724 dubium
315 668 384 740 quin
410 682 462 740 per
482 683 585 724 manus
606 670 770 724 sanctorum
790 662 958 740 angelorum
978 662 1102 738 perlata¹

63 753 95 812 sit
112 754 140 811 in
160 751 282 812 sublime
303 751 392 813 altare
413 752 485 826 Dei,
506 768 543 811 ne
564 739 698 811 sacerdos
719 749 883 810 luxuriosus
902 766 967 810 eam
989 766 1090 810 sume-

62 843 100 898 ret
117 837 153 898 ad
173 855 256 898 suem
271 837 500 898 damnationem.
542 837 680 897 Habebat
700 840 774 896 enim
797 837 987 897 concubinam
1006 853 1090 898 suam
1219 873 1221 888 ι

61 926 213 1006 manifeste,
241 924 339 986 Simile
355 924 446 986 hahes
466 927 496 983 in
510 924 688 984 ffishneh‘onc
702 923 829 984 secunda
843 922 967 999 capitulo
981 925 1090 998 quinto,

62 1010 94 1071 dc
128 1011 274 1073 sacerdote
312 1015 358 1072 cui
390 1011 524 1072 columba
563 1012 600 1072 ob
632 1011 848 1071 fornicationem
877 1015 1090 1070 sacramentum

62 1097 139 1156 tulit.
171 1097 230 1157 Alii
261 1103 329 1158 sunt
360 1098 522 1158 sacerdotes
538 1095 540 1098 ’
555 1100 630 1158 circa
662 1103 873 1158 sauementum
904 1096 1001 1158 altaris
1028 1102 1090 1158 am

61 1183 242 1262 negligentes,
270 1192 299 1244 et
326 1190 389 1245 tam
405 1184 548 1258 indevoti,
576 1191 609 1244 ut
636 1201 674 1244 ex
695 1183 900 1244 consuetudine
921 1181 1090 1246 conficiendi

63 1287 156 1348 corpus
175 1272 302 1348 Domini,
323 1290 344 1332 a
363 1272 434 1332 cihis
455 1271 519 1331 aliis
539 1287 597 1330 non
620 1270 790 1332 discernant
824 1351 828 1358 Ι

393 1461 638 1538 ,cAPffULUM
655 1462 738 1523 LDl.

81 1583 125 1642 Dc
142 1583 269 1644 Dmriele
290 1581 406 1643 Addaia
426 1587 478 1660 qui
498 1587 531 1642 iu
553 1585 641 1644 culice
661 1587 769 1660 reperit
790 1547 915 1644 mudum
937 1601 1065 1646 caruem.

118 1703 218 1766 Abbas
239 1703 344 1765 Daniel
378 1704 414 1766 de
436 1705 580 1766 Sconavia
609 1721 676 1766 cum
706 1705 789 1767 Prior
821 1711 898 1766 esset
916 1703 996 1782 apud
1015 1722 1086 1784 nos,

63 1793 213 1870 sicutipse
245 1793 329 1852 nobis
361 1791 474 1868 retulit,
507 1793 670 1853 celebrandi
701 1795 794 1870 gratia
825 1791 967 1868 capellam
998 1793 1091 1854 sancti

63 1875 193 1956 Reynoldi
207 1875 226 1959 ¹)
249 1895 323 1954 quae
351 1881 407 1939 sita
427 1885 471 1939 est
490 1881 570 1940 iuxta
598 1879 748 1940 ecclesiam
777 1886 941 1940 sanctornm
959 1879 1091 1955 Aposto-

64 1962 145 2024 lorum
164 1968 194 2025 hr
215 1965 351 2040 Colonia,
378 1968 503 2044 inuasit
546 1966 603 2043 Qui
636 1984 702 2027 cum
734 1965 959 2050 sacerdotalibus
989 1967 1092 2028 fuisset

64 2050 182 2128 indutus,
203 2059 233 2113 et
253 2052 377 2128 populus
398 2052 437 2112 ad
458 2053 631 2113 audiendam
651 2055 768 2113 missam
789 2069 840 2130 per
861 2053 957 2118 nolum
978 2069 1091 2114 convo-

67 2145 155 2214 catus,
175 2157 242 2200 cum
263 2139 382 2199 calicem
402 2146 600 2216 praepararet,
620 2139 789 2216 particulam
811 2139 916 2200 crudae
937 2140 1029 2200 cernis
1049 2139 1090 2199 illi
1206 2181 1211 2188 -

66 2223 220 2286 irhinsecue
241 2228 345 2301 reperit
366 2225 577 2288 adhaerentem.
620 2226 746 2286 Territus
768 2227 870 2302 valde,
891 2243 958 2288 cum
979 2225 1090 2290 dehue-

66 2318 134 2371 rarct
152 2319 246 2372 utrum
267 2313 321 2372 sibl
344 2320 419 2374 esset
441 2313 643 2374 celebrandum
664 2312 711 2374 vel
742 2313 931 2389 cessandum,
951 2311 1091 2390 populum

67 2397 158 2461 timens
172 2399 402 2460 scandalizasset
423 2406 518 2460 vestes
536 2407 660 2476 exueret,
680 2418 785 2477 panem
798 2400 881 2462 calici
901 2401 1091 2476 superposuit,

67 2485 154 2544 mm
168 2493 196 2546 et
216 2501 324 2562 aquam
339 2485 448 2561 infudit,
470 2489 568 2562 sicque
590 2487 737 2547 celebrans
751 2493 844 2548 totum
857 2486 941 2547 simul
961 2489 1091 2564 sumpsit

68 2568 144 2632 Dicta
162 2575 252 2633 musa
272 2575 420 2649 requisivit
440 2574 477 2633 ab
499 2573 610 2634 inclusa
632 2576 678 2634 cui
700 2574 773 2634 calix
795 2577 964 2636 communis
983 2565 1091 2650 fuerat,

68 2659 123 2734 quis
141 2661 294 2720 novissime
314 2662 344 2718 in
365 2659 467 2721 eodem
489 2661 577 2722 calice
599 2661 781 2722 celebrasset
824 2659 906 2737 Quae
927 2659 1090 2736 respondit:

67 2740 196 2807 Domim
215 2746 390 2822 Bertolphus
419 2753 610 2824 cognomento
630 2754 747 2808 voratur
766 2747 840 2808 lardi
850 2744 882 2827 ²).
922 2745 995 2806 Erat
1015 2747 1092 2808 enim

68 2829 118 2890 iam
128 2828 147 2912 ⁸)
161 2832 252 2894 dictae
266 2832 403 2894 ecclesiae
417 2841 581 2895 sanctorum
596 2833 801 2910 Apostolorum
815 2834 977 2907 canonicus,
992 2848 1093 2894 sacer·

68 2915 115 2977 dos
133 2919 284 2982 saecularis
305 2921 397 2996 nimis,
417 2921 563 2982 modicum
584 2920 631 2982 vel
658 2920 729 2980 nihil
749 2921 860 2981 hahens
880 2919 1092 2997 religiositatis,

69 2999 235 3084 devotionis,
255 3009 317 3067 sive
344 3007 430 3068 divini
449 3010 578 3068 timoris.
619 3007 682 3084 Ego
703 3015 775 3083 puto
796 3025 843 3067 me
864 3005 957 3068 eidem
988 3008 1092 3069 missae

69 3089 222 3156 hiuhma.
265 3093 418 3154 Confessus
431 3101 474 3154 eet
487 3095 570 3156 nobis
587 3095 732 3171 praefatus
745 3093 858 3167 Daniel,
869 3095 936 3154 etei
951 3099 1022 3156 tunc
1033 3111 1092 3155 non

70 3175 139 3253 mihi,
156 3197 302 3257 nunquam
316 3197 348 3241 se
360 3184 389 3240 in
402 3180 499 3256 aliqua
510 3184 597 3242 missa
610 3187 723 3253 mutum
737 3180 873 3240 habuisse
891 3181 1093 3242 consolatonis

70 3262 159 3346 autel)
179 3267 226 3328 vel
237 3273 340 3344 postea
361 3274 501 3343 quantum
514 3271 544 3328 iu
563 3267 622 3328 illa
663 3268 771 3328 Postea
792 3283 859 3328 cum
879 3267 956 3352 idam
976 3268 1093 3330 Bertol·

70 3347 136 3425 phus
160 3352 349 3432 hospitaretur
376 3353 457 3431 apud
475 3371 544 3430 nos,
572 3354 674 3414 Ahhes
701 3361 799 3414 nomer
826 3353 1031 3434 negligentiam
1065 3356 1093 3416 el

71 3439 204 3517 adadu
224 3440 277 3501 sed
303 3443 401 3502 nmcio
430 3441 552 3518 qualiter
571 3442 636 3502 Deo
666 3441 842 3502 ursaceus
883 3439 1092 3503 NOVIOIUS:

71 3519 163 3586 Melius
183 3535 258 3588 esset
270 3533 331 3588 tam
351 3531 472 3588 miserae
483 3531 561 3588 vitae
582 3527 780 3589 sacerdotibus
794 3529 830 3588 de
851 3529 985 3605 quahbus
1004 3543 1100 3602 supra-

72 3607 166 3674 dictum
186 3620 238 3691 est,
257 3617 352 3676 tacitis
364 3615 468 3692 verbis,
490 3621 519 3676 et
529 3621 640 3676 remota
655 3616 821 3691 intendone,
840 3620 953 3676 tanurm
972 3611 1093 3676 simula·

88 3792 150 3863 1)0
169 3796 337 3867 tepuerit.
363 3827 394 3840 -
414 3797 446 3866 2)
470 3797 559 3852 AGDP
576 3797 725 3852 dominus
741 3797 836 3861 talis,
852 3787 983 3848 nemine
999 3791 1037 3861 (D
1059 3807 1092 3846 ex

131 3868 271 3940 uomina)
282 3883 349 3923 eum
361 3867 543 3941 designaut.
554 3867 627 3939 -3)
645 3863 765 3922 iamsdd
777 3864 850 3920 3.-
864 3861 974 3933 epau?
985 3867 1081 3916 ante·
