2524 4252
181 253 244 313 stt
450 251 680 318 Dmmcluo
702 254 944 321 Duooucffls

180 375 317 453 praedicti
336 376 491 454 Brunonis,
518 387 691 456 acceperunt
702 377 719 460 ¹)
746 383 784 441 ab
812 384 853 442 eis
875 383 953 458 quod
973 391 1097 446 mortum
1122 391 1191 447 essct

180 463 227 523 De
248 469 375 540 tempore
392 471 489 524 autem
510 469 696 543 sciscitantes,
717 467 792 526 diem
814 471 938 532 cundem
957 473 1189 550 inveneruntque

179 565 281 610 vocem
303 552 479 627 praedictam
493 555 523 611 in
536 555 669 614 Vulcano
690 555 851 614 andierunt.
894 556 1043 618 Comedus
1063 577 1125 620 vero
1142 577 1188 619 uon

180 637 270 698 multo
290 644 358 715 post
377 639 469 700 lactus
490 646 534 700 est
554 641 713 701 monachus
733 643 763 700 in
783 642 886 720 Bergis
894 641 926 724 ²).

544 797 777 859 CAPITULUM
802 799 847 860 Χ.
941 875 950 894 Ι

240 1005 242 1012 Ι
267 921 344 980 Item
366 919 402 979 dc
421 937 519 996 poeno
539 919 694 978 Baunonia
712 921 767 996 filli
787 924 857 996 ciue,
878 925 928 982 cui
946 927 981 983 iu
1000 924 1112 1002 insono

558 1010 756 1082 propinatum
778 1015 827 1067 eat.

238 1131 320 1190 Idem
333 1131 430 1190 Bruno
451 1131 573 1188 nominis
590 1132 634 1188 sui
655 1129 745 1187 lilium
766 1129 887 1206 reliquit,
909 1149 996 1206 quem
1016 1131 1120 1208 plenius
1137 1134 1183 1191 suis

173 1221 248 1279 vitiis
277 1235 363 1293 quam
391 1217 621 1292 possessionibus
642 1215 821 1276 hereditavit.
863 1217 933 1277 Erat
955 1221 1030 1278 enim
1050 1220 1107 1295 ipse
1125 1220 1183 1278 sicut

172 1313 202 1366 et
221 1311 318 1381 pater,
340 1322 444 1363 avarus
465 1303 566 1377 valde,
593 1320 753 1379 pauperum
775 1310 904 1379 exactor,
932 1311 961 1364 et
982 1324 1067 1381 supra
1086 1304 1182 1364 modum

170 1393 341 1452 luxuriosus.
390 1391 458 1466 lpse
487 1397 530 1449 cst
551 1391 649 1448 Brnuo
678 1389 714 1448 de
734 1389 895 1471 Flittere³)‚
921 1395 1058 1468 pincema
1085 1391 1182 1452 Comitis

171 1479 207 1540 de
228 1479 337 1539 Monte.
386 1478 444 1538 Vix
465 1483 522 1536 tres
543 1493 656 1539 manses
678 1477 767 1553 elapsi
795 1485 862 1536 sunt
890 1479 967 1554 quod
995 1485 1118 1539 mortuus
1142 1485 1183 1538 est

169 1567 204 1626 ln
227 1567 306 1626 cuius
329 1565 409 1626 obitu
429 1564 550 1624 obsessa
571 1562 713 1639 quaedam
728 1583 746 1622 a
761 1563 900 1624 daemone
920 1565 1049 1642 liberata,
1070 1564 1183 1626 cumdio

169 1656 269 1731 quinta
289 1652 383 1712 denuo
404 1657 570 1724 vexaretur,
599 1650 730 1709 dixerunt
751 1651 867 1726 quidem
882 1653 930 1730 ,ad
959 1653 1112 1713 diabolum:
1138 1652 1182 1710 Dic

168 1742 261 1815 nobis,
282 1740 332 1799 ubi
352 1740 428 1798 luisti
449 1737 497 1797 vel
518 1755 605 1813 quare
627 1754 757 1796 reversus
780 1739 834 1798 es?
876 1739 1037 1814 Respondit
1056 1740 1113 1799 ille:
1132 1739 1182 1800 Vc·

167 1846 198 1888 re
219 1829 374 1886 maximum
396 1832 497 1900 postca
517 1825 678 1884 habuimus»
690 1825 803 1884 festum.
852 1824 902 1902 Ad
930 1827 1041 1886 obitum
1060 1825 1182 1886 Brmonis

146 1915 333 1991 congregati
357 1913 476 1990 fuimus,
505 1911 544 1970 ad
563 1913 654 1970 instar
673 1911 798 1987 pulveris
823 1917 923 1972 terrae.
967 1913 1056 1974 Cuius
1076 1915 1182 1974 animam

167 2019 233 2064 cnm
253 1999 359 2078 gaudio
382 1998 556 2058 deducentes
576 1997 615 2057 ad
643 1999 764 2072 inlesos,
791 1998 950 2059 locavimus
980 2017 1045 2060 eam
1074 2003 1102 2060 in
1128 1997 1182 2060 sodc

167 2085 428 2164 tentamentum
449 2081 644 2165 inicmalem⁴l
667 2087 693 2144 ei
713 2088 906 2162 propinantes.

525 2257 758 2324 CAPITULUM
780 2257 837 2320 XI.

286 2386 335 2444 Dc
355 2382 530 2447 Euechordo
550 2381 642 2440 milite
663 2384 715 2458 qui
736 2397 766 2439 ee
788 2361 879 2441 nexit
899 2384 932 2440 iu
950 2381 1072 2458 feretro.

226 2507 337 2567 Eodem
363 2512 491 2580 tempore
519 2508 648 2562 mortuus
678 2508 721 2560 est
748 2503 777 2560 in
807 2500 909 2561 cedem
940 2504 1089 2578 provincia
1119 2501 1180 2562 alius

161 2596 242 2658 miles
255 2591 439 2654 Evcrherdus
454 2593 576 2663 nomine,
599 2595 627 2648 et
648 2585 737 2669 ipse⁶)
759 2591 803 2650 vit
825 2591 990 2648 criminosus
1012 2593 1085 2650 sicut
1104 2605 1179 2665 supc-

160 2688 225 2752 rior.
266 2677 364 2741 Media
388 2686 472 2738 nocte
499 2675 629 2737 diabolus
659 2693 762 2752 corpus
791 2678 852 2734 eius
881 2677 991 2752 crigens
1020 2679 1050 2735 in
1077 2677 1177 2746 leratm,

160 2772 270 2834 cunctis
291 2771 340 2844 qui
360 2766 480 2827 aderant
507 2771 642 2824 terrorem
669 2765 795 2825 incussit.
844 2761 990 2822 Timentes
1020 2765 1101 2824 amici
1126 2764 1175 2822 eius

159 2858 381 2918 ludificationem
409 2853 595 2926 daemonum,
621 2867 725 2926 corpus
746 2849 867 2927 ligantes
888 2857 955 2910 ante
984 2853 1099 2911 missam
1117 2845 1174 2908 illud

159 2944 338 3030 sepelierunt.

510 3075 743 3138 suessonum
767 3075 838 3134 xu.
933 3040 935 3044 ’

217 3204 264 3262 Dc
285 3204 408 3262 Decono
432 3203 605 3262 Ptolemenoi
628 3217 713 3275 quem
734 3195 802 3256 Rex
824 3198 971 3256 Arcturum
993 3199 1124 3258 inuitauit

517 3289 558 3348 od
578 3291 707 3346 montcm
729 3282 833 3362 (ἕψον.

218 3411 262 3470 Εο
284 3416 411 3485 tempore
433 3427 490 3485 qno
507 3408 648 3470 Henricus
661 3407 821 3482 Imperator
843 3405 1007 3482 subiugavit
1028 3405 1080 3466 sibi
1098 3385 1172 3478 Syci·

152 3501 235 3576 liam,
262 3499 290 3556 in
314 3494 444 3558 Ecclesia
471 3495 638 3554 Palemensi
664 3492 780 3568 quidam
809 3499 871 3551 erat
886 3489 1053 3568 diaconum
1068 3491 1170 3550 natione

151 3595 184 3649 ut
203 3594 274 3665 puto
295 3583 501 3643 Theutonicus.
539 3581 597 3640 Hic
617 3597 684 3639 cum
704 3579 750 3640 die
772 3579 898 3655 quadam
919 3597 1003 3638 suum
1032 3581 1078 3655 qui
1103 3575 1170 3650 opti·

170 3707 200 3775 l)
219 3703 486 3770 llpercepcrunt.
506 3725 536 3735 -
556 3695 588 3762 2)
606 3697 631 3747 in
647 3695 733 3746 Vatari
757 3695 850 3748 Monta.
865 3725 895 3736 -·
908 3696 940 3765 3)
958 3694 1024 3750 suu
1042 3693 1169 3748 Fliterc,

219 3772 390 3831 uulnere,
413 3764 433 3818 G
458 3763 588 3818 Flitart.
608 3793 638 3804 -
658 3765 690 3830 t)
708 3763 750 3817 ΒΡ
774 3765 949 3824 infernale.
984 3764 1072 3820 llomil.
1093 3761 1167 3826 ltp,

219 3843 282 3900 120:
300 3836 414 3908 poculam
433 3834 590 3884 amariorem.
610 3861 640 3877 -
660 3833 691 3904 5)
709 3833 729 3885 Β
747 3833 797 3886 add
815 3843 894 3890 crat.
