<?xml version="1.0" encoding="UTF-8"?>
<!DOCTYPE html PUBLIC "-//W3C//DTD XHTML 1.0 Transitional//EN"
    "http://www.w3.org/TR/xhtml1/DTD/xhtml1-transitional.dtd">
<html xmlns="http://www.w3.org/1999/xhtml" xml:lang="en" lang="en">
 <head>
  <title>
</title>
<meta http-equiv="Content-Type" content="text/html;charset=utf-8" />
  <meta name='ocr-system' content='tesseract 3.04.00' />
  <meta name='ocr-capabilities' content='ocr_page ocr_carea ocr_par ocr_line ocrx_word'/>
</head>
<body>
  <div class='ocr_page' id='page_1' title='image "./caesariiheister02stragoog_0030.png"; bbox 0 0 2608 4252; ppageno 0'>
   <div class='ocr_carea' id='block_1_1' title="bbox 443 229 1157 342">
    <p class='ocr_par' dir='ltr' id='par_1_1' title="bbox 443 229 1157 342">
     <span class='ocr_line' id='line_1_1' title="bbox 443 229 1157 342; baseline -0.003 -4"><span class='ocrx_word' id='word_1_1' title='bbox 443 277 497 340; x_wconf 88' lang='lat' dir='ltr'>nn</span> <span class='ocrx_word' id='word_1_2' title='bbox 511 273 675 342; x_wconf 67' lang='lat' dir='ltr'>&#39;aurern</span> <span class='ocrx_word' id='word_1_3' title='bbox 696 229 836 339; x_wconf 78' lang='lat' dir='ltr'>nuru.</span> <span class='ocrx_word' id='word_1_4' title='bbox 1118 279 1157 336; x_wconf 86' lang='lat' dir='ltr'>re</span> 
     </span>
    </p>
   </div>
   <div class='ocr_carea' id='block_1_2' title="bbox 121 397 1165 2906">
    <p class='ocr_par' dir='ltr' id='par_1_2' title="bbox 121 397 1165 2906">
     <span class='ocr_line' id='line_1_2' title="bbox 121 397 1159 460; baseline -0.001 -2"><span class='ocrx_word' id='word_1_5' title='bbox 121 407 171 459; x_wconf 88' lang='lat' dir='ltr'>tus</span> <span class='ocrx_word' id='word_1_6' title='bbox 197 401 280 459; x_wconf 78' lang='lat' dir='ltr'>citlm</span> <span class='ocrx_word' id='word_1_7' title='bbox 310 397 492 460; x_wconf 75' lang='lat' dir='ltr'><strong>convalescit.</strong></span> <span class='ocrx_word' id='word_1_8' title='bbox 541 401 623 460; x_wconf 88' lang='lat' dir='ltr'>Haec</span> <span class='ocrx_word' id='word_1_9' title='bbox 650 400 720 458; x_wconf 90' lang='lat' dir='ltr'>mihi</span> <span class='ocrx_word' id='word_1_10' title='bbox 748 400 843 460; x_wconf 88' lang='lat' dir='ltr'>retulit</span> <span class='ocrx_word' id='word_1_11' title='bbox 870 401 972 460; x_wconf 88' lang='lat' dir='ltr'>beatae</span> <span class='ocrx_word' id='word_1_12' title='bbox 1004 399 1159 458; x_wconf 79' lang='lat' dir='ltr'>memoriae</span> 
     </span>
     <span class='ocr_line' id='line_1_3' title="bbox 121 484 1158 564; baseline -0.004 -16"><span class='ocrx_word' id='word_1_13' title='bbox 121 485 270 548; x_wconf 83' lang='lat' dir='ltr'>Walterus</span> <span class='ocrx_word' id='word_1_14' title='bbox 293 485 329 544; x_wconf 92' lang='lat' dir='ltr'>de</span> <span class='ocrx_word' id='word_1_15' title='bbox 349 487 482 546; x_wconf 88' lang='lat' dir='ltr'>Birbecb.</span> <span class='ocrx_word' id='word_1_16' title='bbox 504 507 545 530; x_wconf 49' lang='lat'>¹-</span> <span class='ocrx_word' id='word_1_17' title='bbox 567 487 709 562; x_wconf 83' lang='lat' dir='ltr'>Tempore</span> <span class='ocrx_word' id='word_1_18' title='bbox 739 487 864 564; x_wconf 89' lang='lat' dir='ltr'>quodam</span> <span class='ocrx_word' id='word_1_19' title='bbox 886 504 951 545; x_wconf 91' lang='lat' dir='ltr'>cum</span> <span class='ocrx_word' id='word_1_20' title='bbox 974 484 1158 545; x_wconf 87' lang='lat' dir='ltr'>commenda-</span> 
     </span>
     <span class='ocr_line' id='line_1_4' title="bbox 122 572 1159 648; baseline -0.003 -16"><span class='ocrx_word' id='word_1_21' title='bbox 122 576 231 632; x_wconf 80' lang='lat' dir='ltr'><strong>tionem</strong></span> <span class='ocrx_word' id='word_1_22' title='bbox 252 572 376 631; x_wconf 90' lang='lat' dir='ltr'>hominis</span> <span class='ocrx_word' id='word_1_23' title='bbox 398 576 501 632; x_wconf 91' lang='lat' dir='ltr'>mortui</span> <span class='ocrx_word' id='word_1_24' title='bbox 520 574 632 648; x_wconf 88' lang='lat' dir='ltr'>laceret,</span> <span class='ocrx_word' id='word_1_25' title='bbox 654 581 782 633; x_wconf 89' lang='lat' dir='ltr'>mortuus</span> <span class='ocrx_word' id='word_1_26' title='bbox 802 573 849 632; x_wconf 92' lang='lat' dir='ltr'>ille</span> <span class='ocrx_word' id='word_1_27' title='bbox 871 575 999 632; x_wconf 88' lang='lat' dir='ltr'>surrexit.</span> <span class='ocrx_word' id='word_1_28' title='bbox 1030 572 1159 648; x_wconf 85' lang='lat' dir='ltr'>Fugien-</span> 
     </span>
     <span class='ocr_line' id='line_1_5' title="bbox 123 660 1159 736; baseline -0.002 -18"><span class='ocrx_word' id='word_1_29' title='bbox 123 660 201 718; x_wconf 85' lang='lat' dir='ltr'>tibus</span> <span class='ocrx_word' id='word_1_30' title='bbox 223 660 356 718; x_wconf 90' lang='lat' dir='ltr'>omnibus</span> <span class='ocrx_word' id='word_1_31' title='bbox 378 662 427 735; x_wconf 88' lang='lat' dir='ltr'>qni</span> <span class='ocrx_word' id='word_1_32' title='bbox 447 660 574 735; x_wconf 87' lang='lat' dir='ltr'>aderant,</span> <span class='ocrx_word' id='word_1_33' title='bbox 594 661 666 736; x_wconf 82' lang='lat' dir='ltr'>fugit</span> <span class='ocrx_word' id='word_1_34' title='bbox 687 667 715 719; x_wconf 88' lang='lat' dir='ltr'>et</span> <span class='ocrx_word' id='word_1_35' title='bbox 734 665 796 736; x_wconf 88' lang='lat' dir='ltr'>ipse</span> <span class='ocrx_word' id='word_1_36' title='bbox 818 660 1004 732; x_wconf 80' lang='lat' dir='ltr'>Christianus,</span> <span class='ocrx_word' id='word_1_37' title='bbox 1024 661 1159 733; x_wconf 85' lang='lat' dir='ltr'>venitque</span> 
     </span>
     <span class='ocr_line' id='line_1_6' title="bbox 123 744 1159 827; baseline -0.002 -23"><span class='ocrx_word' id='word_1_38' title='bbox 123 746 259 822; x_wconf 82' lang='lat' dir='ltr'>fugiendo</span> <span class='ocrx_word' id='word_1_39' title='bbox 281 747 319 805; x_wconf 84' lang='lat' dir='ltr'>ad</span> <span class='ocrx_word' id='word_1_40' title='bbox 340 747 471 820; x_wconf 79' lang='lat' dir='ltr'>durium,</span> <span class='ocrx_word' id='word_1_41' title='bbox 488 749 537 822; x_wconf 90' lang='lat' dir='ltr'>qui</span> <span class='ocrx_word' id='word_1_42' title='bbox 557 764 615 805; x_wconf 93' lang='lat' dir='ltr'>non</span> <span class='ocrx_word' id='word_1_43' title='bbox 636 747 722 822; x_wconf 86' lang='lat' dir='ltr'>longe</span> <span class='ocrx_word' id='word_1_44' title='bbox 736 749 836 807; x_wconf 88' lang='lat' dir='ltr'>aberat</span> <span class='ocrx_word' id='word_1_45' title='bbox 848 744 873 827; x_wconf 90' lang='lat'>¹).</span> <span class='ocrx_word' id='word_1_46' title='bbox 917 745 1011 822; x_wconf 82' lang='lat' dir='ltr'>Quem</span> <span class='ocrx_word' id='word_1_47' title='bbox 1031 751 1159 804; x_wconf 89' lang='lat' dir='ltr'>mortuus</span> 
     </span>
     <span class='ocr_line' id='line_1_7' title="bbox 124 831 1160 910; baseline -0.003 -18"><span class='ocrx_word' id='word_1_48' title='bbox 124 849 250 908; x_wconf 88' lang='lat' dir='ltr'>sequeus</span> <span class='ocrx_word' id='word_1_49' title='bbox 271 831 405 892; x_wconf 73' lang='lat' dir='ltr'>cbmarit</span> <span class='ocrx_word' id='word_1_50' title='bbox 425 839 491 908; x_wconf 87' lang='lat' dir='ltr'>post</span> <span class='ocrx_word' id='word_1_51' title='bbox 510 839 623 910; x_wconf 83' lang='lat' dir='ltr'>tergum</span> <span class='ocrx_word' id='word_1_52' title='bbox 645 836 705 892; x_wconf 89' lang='lat' dir='ltr'>eius</span> <span class='ocrx_word' id='word_1_53' title='bbox 727 833 838 893; x_wconf 86' lang='lat' dir='ltr'>dicens:</span> <span class='ocrx_word' id='word_1_54' title='bbox 865 833 1005 906; x_wconf 86' lang='lat' dir='ltr'>Domine,</span> <span class='ocrx_word' id='word_1_55' title='bbox 1028 837 1070 890; x_wconf 91' lang='lat' dir='ltr'>cst</span> <span class='ocrx_word' id='word_1_56' title='bbox 1090 831 1160 890; x_wconf 90' lang='lat' dir='ltr'>mihi</span> 
     </span>
     <span class='ocr_line' id='line_1_8' title="bbox 124 919 1160 997; baseline -0.002 -19"><span class='ocrx_word' id='word_1_57' title='bbox 124 919 203 978; x_wconf 90' lang='lat' dir='ltr'>domi</span> <span class='ocrx_word' id='word_1_58' title='bbox 224 921 299 978; x_wconf 89' lang='lat' dir='ltr'>aries</span> <span class='ocrx_word' id='word_1_59' title='bbox 320 921 459 995; x_wconf 90' lang='lat' dir='ltr'>optimus,</span> <span class='ocrx_word' id='word_1_60' title='bbox 487 919 577 978; x_wconf 89' lang='lat' dir='ltr'>tollite</span> <span class='ocrx_word' id='word_1_61' title='bbox 597 920 692 994; x_wconf 92' lang='lat' dir='ltr'>illum,</span> <span class='ocrx_word' id='word_1_62' title='bbox 721 925 750 979; x_wconf 92' lang='lat' dir='ltr'>et</span> <span class='ocrx_word' id='word_1_63' title='bbox 777 927 856 980; x_wconf 87' lang='lat' dir='ltr'>orate</span> <span class='ocrx_word' id='word_1_64' title='bbox 883 937 935 997; x_wconf 89' lang='lat' dir='ltr'>pro</span> <span class='ocrx_word' id='word_1_65' title='bbox 957 936 1013 979; x_wconf 89' lang='lat' dir='ltr'>mc.</span> <span class='ocrx_word' id='word_1_66' title='bbox 1055 919 1160 994; x_wconf 83' lang='lat' dir='ltr'>Sitque</span> 
     </span>
     <span class='ocr_line' id='line_1_9' title="bbox 124 1003 1160 1086; baseline -0.002 -22"><span class='ocrx_word' id='word_1_67' title='bbox 124 1005 164 1065; x_wconf 80' lang='lat' dir='ltr'>ad</span> <span class='ocrx_word' id='word_1_68' title='bbox 178 1006 312 1065; x_wconf 75' lang='lat' dir='ltr'>feretrum</span> <span class='ocrx_word' id='word_1_69' title='bbox 335 1007 371 1066; x_wconf 90' lang='lat' dir='ltr'>de</span> <span class='ocrx_word' id='word_1_70' title='bbox 393 1023 450 1081; x_wconf 89' lang='lat' dir='ltr'>quo</span> <span class='ocrx_word' id='word_1_71' title='bbox 469 1007 594 1065; x_wconf 81' lang='lat' dir='ltr'>exilierat</span> <span class='ocrx_word' id='word_1_72' title='bbox 607 1023 747 1082; x_wconf 85' lang='lat' dir='ltr'>reversus,</span> <span class='ocrx_word' id='word_1_73' title='bbox 768 1013 896 1066; x_wconf 91' lang='lat' dir='ltr'>mortuus</span> <span class='ocrx_word' id='word_1_74' title='bbox 919 1003 990 1086; x_wconf 83' lang='lat' dir='ltr'>est²)</span> <span class='ocrx_word' id='word_1_75' title='bbox 1013 1010 1041 1065; x_wconf 90' lang='lat' dir='ltr'>et</span> <span class='ocrx_word' id='word_1_76' title='bbox 1062 1003 1160 1080; x_wconf 86' lang='lat' dir='ltr'>scpul-</span> 
     </span>
     <span class='ocr_line' id='line_1_10' title="bbox 124 1091 1160 1169; baseline -0.003 -17"><span class='ocrx_word' id='word_1_77' title='bbox 124 1099 181 1152; x_wconf 83' lang='lat' dir='ltr'>tus</span> <span class='ocrx_word' id='word_1_78' title='bbox 202 1126 245 1136; x_wconf 91' lang='lat'><strong>—</strong></span> <span class='ocrx_word' id='word_1_79' title='bbox 267 1093 405 1153; x_wconf 80' lang='lat' dir='ltr'>Habebat</span> <span class='ocrx_word' id='word_1_80' title='bbox 418 1099 514 1152; x_wconf 87' lang='lat' dir='ltr'>autem</span> <span class='ocrx_word' id='word_1_81' title='bbox 528 1099 640 1169; x_wconf 87' lang='lat' dir='ltr'>praeter</span> <span class='ocrx_word' id='word_1_82' title='bbox 652 1093 829 1168; x_wconf 86' lang='lat' dir='ltr'>praedictam</span> <span class='ocrx_word' id='word_1_83' title='bbox 844 1093 991 1169; x_wconf 89' lang='lat' dir='ltr'>capellam,</span> <span class='ocrx_word' id='word_1_84' title='bbox 1009 1091 1160 1152; x_wconf 87' lang='lat' dir='ltr'>ecclesiam</span> 
     </span>
     <span class='ocr_line' id='line_1_11' title="bbox 124 1179 1161 1256; baseline -0.001 -18"><span class='ocrx_word' id='word_1_85' title='bbox 124 1179 292 1256; x_wconf 79' lang='lat' dir='ltr'>legitimam,</span> <span class='ocrx_word' id='word_1_86' title='bbox 315 1183 394 1238; x_wconf 90' lang='lat' dir='ltr'>cuius</span> <span class='ocrx_word' id='word_1_87' title='bbox 410 1179 515 1238; x_wconf 86' lang='lat' dir='ltr'>Pastor</span> <span class='ocrx_word' id='word_1_88' title='bbox 537 1180 663 1254; x_wconf 73' lang='lat' dir='ltr'>stated</span> <span class='ocrx_word' id='word_1_89' title='bbox 684 1198 771 1255; x_wconf 90' lang='lat' dir='ltr'>quam</span> <span class='ocrx_word' id='word_1_90' title='bbox 794 1183 924 1255; x_wconf 89' lang='lat' dir='ltr'>quotiens</span> <span class='ocrx_word' id='word_1_91' title='bbox 945 1182 985 1238; x_wconf 91' lang='lat' dir='ltr'>ire</span> <span class='ocrx_word' id='word_1_92' title='bbox 1007 1179 1161 1254; x_wconf 84' lang='lat' dir='ltr'>debuisset,</span> 
     </span>
     <span class='ocr_line' id='line_1_12' title="bbox 124 1261 1161 1342; baseline -0.001 -18"><span class='ocrx_word' id='word_1_93' title='bbox 124 1266 246 1325; x_wconf 75' lang='lat' dir='ltr'>flurium</span> <span class='ocrx_word' id='word_1_94' title='bbox 275 1266 418 1342; x_wconf 88' lang='lat' dir='ltr'>quendam</span> <span class='ocrx_word' id='word_1_95' title='bbox 445 1269 563 1326; x_wconf 89' lang='lat' dir='ltr'>transire</span> <span class='ocrx_word' id='word_1_96' title='bbox 591 1266 725 1326; x_wconf 88' lang='lat' dir='ltr'>babebat.</span> <span class='ocrx_word' id='word_1_97' title='bbox 769 1267 826 1342; x_wconf 84' lang='lat' dir='ltr'>Qui</span> <span class='ocrx_word' id='word_1_98' title='bbox 854 1283 919 1326; x_wconf 88' lang='lat' dir='ltr'>cum</span> <span class='ocrx_word' id='word_1_99' title='bbox 951 1268 1043 1326; x_wconf 90' lang='lat' dir='ltr'>minor</span> <span class='ocrx_word' id='word_1_100' title='bbox 1071 1261 1161 1340; x_wconf 89' lang='lat' dir='ltr'>esset,</span> 
     </span>
     <span class='ocr_line' id='line_1_13' title="bbox 125 1351 1161 1428; baseline 0.001 -16"><span class='ocrx_word' id='word_1_101' title='bbox 125 1369 202 1427; x_wconf 86' lang='lat' dir='ltr'>equo</span> <span class='ocrx_word' id='word_1_102' title='bbox 223 1357 339 1412; x_wconf 86' lang='lat' dir='ltr'>vectore</span> <span class='ocrx_word' id='word_1_103' title='bbox 360 1351 439 1412; x_wconf 92' lang='lat' dir='ltr'>illum</span> <span class='ocrx_word' id='word_1_104' title='bbox 460 1353 679 1428; x_wconf 83' lang='lat' dir='ltr'>transvadabat3</span> <span class='ocrx_word' id='word_1_105' title='bbox 705 1370 771 1412; x_wconf 88' lang='lat' dir='ltr'>cum</span> <span class='ocrx_word' id='word_1_106' title='bbox 791 1371 860 1413; x_wconf 86' lang='lat' dir='ltr'>vero</span> <span class='ocrx_word' id='word_1_107' title='bbox 881 1351 1055 1428; x_wconf 87' lang='lat' dir='ltr'>inundasset,</span> <span class='ocrx_word' id='word_1_108' title='bbox 1076 1354 1161 1413; x_wconf 88' lang='lat' dir='ltr'>navi·</span> 
     </span>
     <span class='ocr_line' id='line_1_14' title="bbox 125 1438 1162 1516; baseline 0.001 -18"><span class='ocrx_word' id='word_1_109' title='bbox 125 1441 175 1516; x_wconf 81' lang='lat' dir='ltr'>gio</span> <span class='ocrx_word' id='word_1_110' title='bbox 203 1441 352 1499; x_wconf 85' lang='lat' dir='ltr'>transibat.</span> <span class='ocrx_word' id='word_1_111' title='bbox 395 1439 528 1516; x_wconf 83' lang='lat' dir='ltr'>Quodam</span> <span class='ocrx_word' id='word_1_112' title='bbox 554 1443 641 1516; x_wconf 82' lang='lat' dir='ltr'>igitur</span> <span class='ocrx_word' id='word_1_113' title='bbox 667 1447 795 1515; x_wconf 89' lang='lat' dir='ltr'>tempore</span> <span class='ocrx_word' id='word_1_114' title='bbox 825 1458 891 1499; x_wconf 91' lang='lat' dir='ltr'>cum</span> <span class='ocrx_word' id='word_1_115' title='bbox 919 1440 957 1499; x_wconf 87' lang='lat' dir='ltr'>ad</span> <span class='ocrx_word' id='word_1_116' title='bbox 985 1440 1103 1500; x_wconf 88' lang='lat' dir='ltr'>fluvium</span> <span class='ocrx_word' id='word_1_117' title='bbox 1125 1438 1162 1499; x_wconf 89' lang='lat' dir='ltr'>dc</span> 
     </span>
     <span class='ocr_line' id='line_1_15' title="bbox 124 1526 1162 1602; baseline 0 -17"><span class='ocrx_word' id='word_1_118' title='bbox 124 1542 208 1586; x_wconf 87' lang='lat' dir='ltr'>more</span> <span class='ocrx_word' id='word_1_119' title='bbox 227 1529 407 1602; x_wconf 88' lang='lat' dir='ltr'>accessisset,</span> <span class='ocrx_word' id='word_1_120' title='bbox 438 1529 574 1586; x_wconf 90' lang='lat' dir='ltr'>maiorem</span> <span class='ocrx_word' id='word_1_121' title='bbox 603 1544 691 1602; x_wconf 89' lang='lat' dir='ltr'>quam</span> <span class='ocrx_word' id='word_1_122' title='bbox 713 1527 870 1587; x_wconf 84' lang='lat' dir='ltr'>crediderat</span> <span class='ocrx_word' id='word_1_123' title='bbox 888 1528 1000 1602; x_wconf 86' lang='lat' dir='ltr'>reperit.</span> <span class='ocrx_word' id='word_1_124' title='bbox 1041 1526 1162 1602; x_wconf 89' lang='lat' dir='ltr'>Propter</span> 
     </span>
     <span class='ocr_line' id='line_1_16' title="bbox 124 1611 1162 1689; baseline -0.002 -15"><span class='ocrx_word' id='word_1_125' title='bbox 124 1611 345 1688; x_wconf 76' lang='lat' dir='ltr'>moccense</span> <span class='ocrx_word' id='word_1_126' title='bbox 368 1621 396 1672; x_wconf 93' lang='lat' dir='ltr'>et</span> <span class='ocrx_word' id='word_1_127' title='bbox 418 1631 523 1689; x_wconf 87' lang='lat' dir='ltr'>equum</span> <span class='ocrx_word' id='word_1_128' title='bbox 545 1615 571 1672; x_wconf 91' lang='lat' dir='ltr'>ei</span> <span class='ocrx_word' id='word_1_129' title='bbox 593 1617 767 1674; x_wconf 86' lang='lat' dir='ltr'>committere</span> <span class='ocrx_word' id='word_1_130' title='bbox 787 1631 845 1673; x_wconf 91' lang='lat' dir='ltr'>non</span> <span class='ocrx_word' id='word_1_131' title='bbox 866 1613 1000 1687; x_wconf 87' lang='lat' dir='ltr'>auderet,</span> <span class='ocrx_word' id='word_1_132' title='bbox 1029 1619 1057 1672; x_wconf 92' lang='lat' dir='ltr'>et</span> <span class='ocrx_word' id='word_1_133' title='bbox 1077 1615 1162 1672; x_wconf 87' lang='lat' dir='ltr'>navi-</span> 
     </span>
     <span class='ocr_line' id='line_1_17' title="bbox 125 1697 1162 1776; baseline -0.001 -18"><span class='ocrx_word' id='word_1_134' title='bbox 125 1698 193 1759; x_wconf 85' lang='lat' dir='ltr'>cula</span> <span class='ocrx_word' id='word_1_135' title='bbox 222 1697 349 1776; x_wconf 85' lang='lat' dir='ltr'>deesset,</span> <span class='ocrx_word' id='word_1_136' title='bbox 378 1708 407 1760; x_wconf 88' lang='lat' dir='ltr'>et</span> <span class='ocrx_word' id='word_1_137' title='bbox 433 1700 581 1776; x_wconf 90' lang='lat' dir='ltr'>paululum</span> <span class='ocrx_word' id='word_1_138' title='bbox 611 1701 679 1774; x_wconf 91' lang='lat' dir='ltr'>quid</span> <span class='ocrx_word' id='word_1_139' title='bbox 699 1700 860 1759; x_wconf 87' lang='lat' dir='ltr'>faciendum</span> <span class='ocrx_word' id='word_1_140' title='bbox 882 1706 958 1760; x_wconf 88' lang='lat' dir='ltr'>esset</span> <span class='ocrx_word' id='word_1_141' title='bbox 980 1699 1162 1774; x_wconf 89' lang='lat' dir='ltr'>deliberaret,</span> 
     </span>
     <span class='ocr_line' id='line_1_18' title="bbox 125 1785 1164 1863; baseline -0.002 -17"><span class='ocrx_word' id='word_1_142' title='bbox 125 1801 195 1846; x_wconf 87' lang='lat' dir='ltr'>ecce</span> <span class='ocrx_word' id='word_1_143' title='bbox 224 1803 365 1863; x_wconf 88' lang='lat' dir='ltr'>apparens</span> <span class='ocrx_word' id='word_1_144' title='bbox 394 1789 419 1846; x_wconf 93' lang='lat' dir='ltr'>ei</span> <span class='ocrx_word' id='word_1_145' title='bbox 446 1788 532 1846; x_wconf 86' lang='lat' dir='ltr'>beata</span> <span class='ocrx_word' id='word_1_146' title='bbox 553 1787 646 1846; x_wconf 89' lang='lat' dir='ltr'>Maria</span> <span class='ocrx_word' id='word_1_147' title='bbox 666 1786 855 1863; x_wconf 85' lang='lat' dir='ltr'>Magdalena,</span> <span class='ocrx_word' id='word_1_148' title='bbox 887 1785 1076 1862; x_wconf 86' lang='lat' dir='ltr'>apprehendit</span> <span class='ocrx_word' id='word_1_149' title='bbox 1096 1802 1164 1845; x_wconf 92' lang='lat' dir='ltr'>cum</span> 
     </span>
     <span class='ocr_line' id='line_1_19' title="bbox 125 1871 1162 1950; baseline -0.003 -18"><span class='ocrx_word' id='word_1_150' title='bbox 125 1871 164 1932; x_wconf 91' lang='lat' dir='ltr'>de</span> <span class='ocrx_word' id='word_1_151' title='bbox 185 1874 355 1934; x_wconf 87' lang='lat' dir='ltr'>vestimento</span> <span class='ocrx_word' id='word_1_152' title='bbox 376 1891 463 1950; x_wconf 89' lang='lat' dir='ltr'>supra</span> <span class='ocrx_word' id='word_1_153' title='bbox 484 1873 603 1948; x_wconf 90' lang='lat' dir='ltr'>collum,</span> <span class='ocrx_word' id='word_1_154' title='bbox 625 1880 654 1933; x_wconf 90' lang='lat' dir='ltr'>et</span> <span class='ocrx_word' id='word_1_155' title='bbox 673 1877 702 1932; x_wconf 92' lang='lat' dir='ltr'>in</span> <span class='ocrx_word' id='word_1_156' title='bbox 724 1873 886 1934; x_wconf 87' lang='lat' dir='ltr'>ulteriorem</span> <span class='ocrx_word' id='word_1_157' title='bbox 905 1877 996 1949; x_wconf 91' lang='lat' dir='ltr'>ripam</span> <span class='ocrx_word' id='word_1_158' title='bbox 1018 1873 1162 1948; x_wconf 89' lang='lat' dir='ltr'>deposuit,</span> 
     </span>
     <span class='ocr_line' id='line_1_20' title="bbox 124 1960 1164 2037; baseline 0 -19"><span class='ocrx_word' id='word_1_159' title='bbox 124 1961 168 2020; x_wconf 86' lang='lat' dir='ltr'>ita</span> <span class='ocrx_word' id='word_1_160' title='bbox 195 1966 228 2018; x_wconf 91' lang='lat' dir='ltr'>ut</span> <span class='ocrx_word' id='word_1_161' title='bbox 257 1963 374 2020; x_wconf 87' lang='lat' dir='ltr'>eratin</span> <span class='ocrx_word' id='word_1_162' title='bbox 403 1965 477 2037; x_wconf 76' lang='lat' dir='ltr'>equo</span> <span class='ocrx_word' id='word_1_163' title='bbox 509 1961 664 2020; x_wconf 86' lang='lat' dir='ltr'>sedentem.</span> <span class='ocrx_word' id='word_1_164' title='bbox 706 1961 814 2020; x_wconf 87' lang='lat' dir='ltr'>Laetus</span> <span class='ocrx_word' id='word_1_165' title='bbox 834 1963 931 2036; x_wconf 87' lang='lat' dir='ltr'>itaque</span> <span class='ocrx_word' id='word_1_166' title='bbox 952 1960 991 2019; x_wconf 90' lang='lat' dir='ltr'>ad</span> <span class='ocrx_word' id='word_1_167' title='bbox 1012 1960 1164 2020; x_wconf 89' lang='lat' dir='ltr'>ecclesiam</span> 
     </span>
     <span class='ocr_line' id='line_1_21' title="bbox 125 2046 1162 2124; baseline -0.002 -18"><span class='ocrx_word' id='word_1_168' title='bbox 125 2049 267 2124; x_wconf 85' lang='lat' dir='ltr'>pervenit,</span> <span class='ocrx_word' id='word_1_169' title='bbox 288 2053 317 2106; x_wconf 89' lang='lat' dir='ltr'>et</span> <span class='ocrx_word' id='word_1_170' title='bbox 338 2047 434 2108; x_wconf 90' lang='lat' dir='ltr'>divina</span> <span class='ocrx_word' id='word_1_171' title='bbox 456 2046 599 2107; x_wconf 89' lang='lat' dir='ltr'>celebrare</span> <span class='ocrx_word' id='word_1_172' title='bbox 613 2065 731 2106; x_wconf 80' lang='lat' dir='ltr'>exorsus</span> <span class='ocrx_word' id='word_1_173' title='bbox 753 2054 804 2121; x_wconf 86' lang='lat' dir='ltr'>est,</span> <span class='ocrx_word' id='word_1_174' title='bbox 824 2048 934 2106; x_wconf 91' lang='lat' dir='ltr'>nullum</span> <span class='ocrx_word' id='word_1_175' title='bbox 947 2047 1057 2108; x_wconf 88' lang='lat' dir='ltr'>habens</span> <span class='ocrx_word' id='word_1_176' title='bbox 1078 2046 1162 2105; x_wconf 89' lang='lat' dir='ltr'>adiu-</span> 
     </span>
     <span class='ocr_line' id='line_1_22' title="bbox 125 2133 1164 2208; baseline -0.001 -16"><span class='ocrx_word' id='word_1_177' title='bbox 125 2140 234 2208; x_wconf 84' lang='lat' dir='ltr'>torem,</span> <span class='ocrx_word' id='word_1_178' title='bbox 263 2135 317 2194; x_wconf 89' lang='lat' dir='ltr'>nisi</span> <span class='ocrx_word' id='word_1_179' title='bbox 344 2137 481 2194; x_wconf 88' lang='lat' dir='ltr'>rusticum</span> <span class='ocrx_word' id='word_1_180' title='bbox 509 2135 645 2196; x_wconf 90' lang='lat' dir='ltr'>ecclesiae</span> <span class='ocrx_word' id='word_1_181' title='bbox 668 2135 824 2194; x_wconf 82' lang='lat' dir='ltr'>custodem.</span> <span class='ocrx_word' id='word_1_182' title='bbox 866 2135 959 2195; x_wconf 85' lang='lat' dir='ltr'>Beata</span> <span class='ocrx_word' id='word_1_183' title='bbox 976 2151 1049 2208; x_wconf 50' lang='lat' dir='ltr'>¹vero</span> <span class='ocrx_word' id='word_1_184' title='bbox 1069 2133 1164 2192; x_wconf 85' lang='lat' dir='ltr'>Maria</span> 
     </span>
     <span class='ocr_line' id='line_1_23' title="bbox 123 2218 1163 2297; baseline -0.002 -18"><span class='ocrx_word' id='word_1_185' title='bbox 123 2218 317 2297; x_wconf 34' lang='lat' dir='ltr'>,Magdalenm</span> <span class='ocrx_word' id='word_1_186' title='bbox 346 2238 420 2297; x_wconf 88' lang='lat' dir='ltr'>quae</span> <span class='ocrx_word' id='word_1_187' title='bbox 440 2221 604 2281; x_wconf 88' lang='lat' dir='ltr'>mirabiliter</span> <span class='ocrx_word' id='word_1_188' title='bbox 625 2239 691 2281; x_wconf 92' lang='lat' dir='ltr'>eum</span> <span class='ocrx_word' id='word_1_189' title='bbox 711 2221 778 2282; x_wconf 91' lang='lat' dir='ltr'>illuc</span> <span class='ocrx_word' id='word_1_190' title='bbox 798 2220 945 2296; x_wconf 86' lang='lat' dir='ltr'>perduxit,</span> <span class='ocrx_word' id='word_1_191' title='bbox 976 2223 1081 2280; x_wconf 89' lang='lat' dir='ltr'>missae</span> <span class='ocrx_word' id='word_1_192' title='bbox 1102 2221 1163 2278; x_wconf 92' lang='lat' dir='ltr'>eius</span> 
     </span>
     <span class='ocr_line' id='line_1_24' title="bbox 124 2305 1164 2388; baseline -0.002 -22"><span class='ocrx_word' id='word_1_193' title='bbox 124 2309 265 2367; x_wconf 84' lang='lat' dir='ltr'>interesse</span> <span class='ocrx_word' id='word_1_194' title='bbox 293 2325 350 2368; x_wconf 92' lang='lat' dir='ltr'>non</span> <span class='ocrx_word' id='word_1_195' title='bbox 377 2306 521 2388; x_wconf 80' lang='lat' dir='ltr'>refugit³).</span> <span class='ocrx_word' id='word_1_196' title='bbox 569 2309 644 2368; x_wconf 87' lang='lat' dir='ltr'>Nam</span> <span class='ocrx_word' id='word_1_197' title='bbox 673 2311 803 2385; x_wconf 75' lang='lat' dir='ltr'>quodem</span> <span class='ocrx_word' id='word_1_198' title='bbox 825 2326 856 2368; x_wconf 91' lang='lat' dir='ltr'>se</span> <span class='ocrx_word' id='word_1_199' title='bbox 876 2309 1008 2368; x_wconf 85' lang='lat' dir='ltr'>vertebat</span> <span class='ocrx_word' id='word_1_200' title='bbox 1028 2305 1164 2366; x_wconf 89' lang='lat' dir='ltr'>dicendo:</span> 
     </span>
     <span class='ocr_line' id='line_1_25' title="bbox 126 2393 1164 2470; baseline 0.002 -18"><span class='ocrx_word' id='word_1_201' title='bbox 126 2393 271 2454; x_wconf 90' lang='lat' dir='ltr'>Dominus</span> <span class='ocrx_word' id='word_1_202' title='bbox 292 2395 456 2470; x_wconf 84' lang='lat' dir='ltr'>vobiscum,</span> <span class='ocrx_word' id='word_1_203' title='bbox 488 2394 559 2455; x_wconf 88' lang='lat' dir='ltr'>vidit</span> <span class='ocrx_word' id='word_1_204' title='bbox 578 2403 739 2454; x_wconf 87' lang='lat' dir='ltr'>matronam</span> <span class='ocrx_word' id='word_1_205' title='bbox 759 2396 1025 2454; x_wconf 87' lang='lat' dir='ltr'>reverendissimam</span> <span class='ocrx_word' id='word_1_206' title='bbox 1045 2397 1075 2452; x_wconf 92' lang='lat' dir='ltr'>in</span> <span class='ocrx_word' id='word_1_207' title='bbox 1097 2410 1164 2454; x_wconf 88' lang='lat' dir='ltr'>ora·</span> 
     </span>
     <span class='ocr_line' id='line_1_26' title="bbox 126 2479 1165 2562; baseline -0.001 -22"><span class='ocrx_word' id='word_1_208' title='bbox 126 2484 200 2540; x_wconf 79' lang='lat' dir='ltr'>torio</span> <span class='ocrx_word' id='word_1_209' title='bbox 223 2481 463 2542; x_wconf 88' lang='lat' dir='ltr'>deambulantem.</span> <span class='ocrx_word' id='word_1_210' title='bbox 504 2482 540 2541; x_wconf 90' lang='lat' dir='ltr'>In</span> <span class='ocrx_word' id='word_1_211' title='bbox 562 2479 651 2562; x_wconf 63' lang='lat' dir='ltr'>quat)</span> <span class='ocrx_word' id='word_1_212' title='bbox 673 2481 787 2541; x_wconf 89' lang='lat' dir='ltr'>nullum</span> <span class='ocrx_word' id='word_1_213' title='bbox 803 2485 896 2542; x_wconf 87' lang='lat' dir='ltr'>sciens</span> <span class='ocrx_word' id='word_1_214' title='bbox 918 2499 980 2541; x_wconf 90' lang='lat' dir='ltr'>esse</span> <span class='ocrx_word' id='word_1_215' title='bbox 1001 2480 1165 2540; x_wconf 88' lang='lat' dir='ltr'>mortalium</span> 
     </span>
     <span class='ocr_line' id='line_1_27' title="bbox 126 2565 1164 2647; baseline 0 -22"><span class='ocrx_word' id='word_1_216' title='bbox 126 2565 270 2647; x_wconf 62' lang='lat' dir='ltr'>praeteri)</span> <span class='ocrx_word' id='word_1_217' title='bbox 292 2569 468 2645; x_wconf 87' lang='lat' dir='ltr'>praedictum</span> <span class='ocrx_word' id='word_1_218' title='bbox 490 2570 647 2645; x_wconf 91' lang='lat' dir='ltr'>custodem,</span> <span class='ocrx_word' id='word_1_219' title='bbox 671 2569 794 2629; x_wconf 91' lang='lat' dir='ltr'>eundem</span> <span class='ocrx_word' id='word_1_220' title='bbox 814 2571 902 2628; x_wconf 81' lang='lat' dir='ltr'>missa</span> <span class='ocrx_word' id='word_1_221' title='bbox 921 2569 1001 2627; x_wconf 88' lang='lat' dir='ltr'>finita</span> <span class='ocrx_word' id='word_1_222' title='bbox 1023 2569 1164 2642; x_wconf 86' lang='lat' dir='ltr'>convenit,</span> 
     </span>
     <span class='ocr_line' id='line_1_28' title="bbox 126 2654 1165 2732; baseline 0.001 -19"><span class='ocrx_word' id='word_1_223' title='bbox 126 2656 313 2732; x_wconf 81' lang='lat' dir='ltr'>interrogans,</span> <span class='ocrx_word' id='word_1_224' title='bbox 334 2657 358 2715; x_wconf 90' lang='lat' dir='ltr'>si</span> <span class='ocrx_word' id='word_1_225' title='bbox 376 2656 482 2732; x_wconf 90' lang='lat' dir='ltr'>aliquid</span> <span class='ocrx_word' id='word_1_226' title='bbox 496 2656 622 2716; x_wconf 86' lang='lat' dir='ltr'>vidisset.</span> <span class='ocrx_word' id='word_1_227' title='bbox 664 2656 731 2732; x_wconf 89' lang='lat' dir='ltr'>lpse</span> <span class='ocrx_word' id='word_1_228' title='bbox 753 2661 849 2715; x_wconf 87' lang='lat' dir='ltr'>autem</span> <span class='ocrx_word' id='word_1_229' title='bbox 871 2663 952 2716; x_wconf 90' lang='lat' dir='ltr'>etse</span> <span class='ocrx_word' id='word_1_230' title='bbox 974 2673 1038 2714; x_wconf 90' lang='lat' dir='ltr'>cam</span> <span class='ocrx_word' id='word_1_231' title='bbox 1058 2654 1165 2714; x_wconf 87' lang='lat' dir='ltr'>vidisse</span> 
     </span>
     <span class='ocr_line' id='line_1_29' title="bbox 125 2742 1164 2820; baseline 0 -20"><span class='ocrx_word' id='word_1_232' title='bbox 125 2742 285 2800; x_wconf 74' lang='lat' dir='ltr'>asserebat</span> <span class='ocrx_word' id='word_1_233' title='bbox 306 2775 348 2786; x_wconf 88' lang='lat'><em>-</em></span> <span class='ocrx_word' id='word_1_234' title='bbox 371 2743 453 2819; x_wconf 82' lang='lat' dir='ltr'>Quia,</span> <span class='ocrx_word' id='word_1_235' title='bbox 475 2749 547 2802; x_wconf 90' lang='lat' dir='ltr'>teste</span> <span class='ocrx_word' id='word_1_236' title='bbox 561 2745 708 2819; x_wconf 85' lang='lat' dir='ltr'>scripture,</span> <span class='ocrx_word' id='word_1_237' title='bbox 730 2742 846 2820; x_wconf 84' lang='lat' dir='ltr'>dignum</span> <span class='ocrx_word' id='word_1_238' title='bbox 861 2750 905 2802; x_wconf 89' lang='lat' dir='ltr'>est</span> <span class='ocrx_word' id='word_1_239' title='bbox 925 2745 1065 2801; x_wconf 83' lang='lat' dir='ltr'>utiustus</span> <span class='ocrx_word' id='word_1_240' title='bbox 1078 2744 1164 2800; x_wconf 81' lang='lat' dir='ltr'>iusti-</span> 
     </span>
     <span class='ocr_line' id='line_1_30' title="bbox 124 2825 1164 2906; baseline 0.001 -19"><span class='ocrx_word' id='word_1_241' title='bbox 124 2827 231 2904; x_wconf 70' lang='lat' dir='ltr'>ficetur</span> <span class='ocrx_word' id='word_1_242' title='bbox 252 2829 365 2902; x_wconf 78' lang='lat' dir='ltr'>aditae,</span> <span class='ocrx_word' id='word_1_243' title='bbox 394 2837 423 2888; x_wconf 88' lang='lat' dir='ltr'>ct</span> <span class='ocrx_word' id='word_1_244' title='bbox 449 2835 568 2888; x_wconf 82' lang='lat' dir='ltr'>coactus</span> <span class='ocrx_word' id='word_1_245' title='bbox 589 2831 784 2906; x_wconf 73' lang='lat' dir='ltr'>saacbficctttr</span> <span class='ocrx_word' id='word_1_246' title='bbox 806 2825 951 2902; x_wconf 73' lang='lat' dir='ltr'>adduct),</span> <span class='ocrx_word' id='word_1_247' title='bbox 982 2826 1164 2888; x_wconf 76' lang='lat' dir='ltr'>considerans</span> 
     </span>
    </p>
   </div>
   <div class='ocr_carea' id='block_1_3' title="bbox 127 2915 1251 2992">
    <p class='ocr_par' dir='ltr' id='par_1_3' title="bbox 127 2915 1251 2992">
     <span class='ocr_line' id='line_1_31' title="bbox 127 2915 1251 2992; baseline 0 -18"><span class='ocrx_word' id='word_1_248' title='bbox 127 2915 299 2976; x_wconf 85' lang='lat' dir='ltr'>venerabilis</span> <span class='ocrx_word' id='word_1_249' title='bbox 319 2916 452 2992; x_wconf 77' lang='lat' dir='ltr'>sacerdos</span> <span class='ocrx_word' id='word_1_250' title='bbox 474 2916 572 2975; x_wconf 90' lang='lat' dir='ltr'>mundi</span> <span class='ocrx_word' id='word_1_251' title='bbox 592 2916 733 2991; x_wconf 88' lang='lat' dir='ltr'>pericula,</span> <span class='ocrx_word' id='word_1_252' title='bbox 759 2915 864 2976; x_wconf 85' lang='lat' dir='ltr'>diaboli</span> <span class='ocrx_word' id='word_1_253' title='bbox 883 2919 1071 2990; x_wconf 82' lang='lat' dir='ltr'>tentamenta,</span> <span class='ocrx_word' id='word_1_254' title='bbox 1098 2933 1164 2976; x_wconf 88' lang='lat' dir='ltr'>car·</span> <span class='ocrx_word' id='word_1_255' title='bbox 1247 2915 1251 2921; x_wconf 78' lang='grc'><em>“</em></span> 
     </span>
    </p>
   </div>
   <div class='ocr_carea' id='block_1_4' title="bbox 75 3001 1165 3599">
    <p class='ocr_par' dir='ltr' id='par_1_4' title="bbox 75 3001 1165 3599">
     <span class='ocr_line' id='line_1_32' title="bbox 127 3001 1165 3083; baseline 0 -23"><span class='ocrx_word' id='word_1_256' title='bbox 127 3003 172 3060; x_wconf 90' lang='lat' dir='ltr'>nis</span> <span class='ocrx_word' id='word_1_257' title='bbox 193 3004 352 3076; x_wconf 87' lang='lat' dir='ltr'>incentiva,</span> <span class='ocrx_word' id='word_1_258' title='bbox 383 3002 479 3062; x_wconf 83' lang='lat' dir='ltr'>divina</span> <span class='ocrx_word' id='word_1_259' title='bbox 498 3005 592 3078; x_wconf 83' lang='lat' dir='ltr'>gratia</span> <span class='ocrx_word' id='word_1_260' title='bbox 610 3006 780 3079; x_wconf 90' lang='lat' dir='ltr'>inspirante,</span> <span class='ocrx_word' id='word_1_261' title='bbox 808 3001 946 3083; x_wconf 85' lang='lat' dir='ltr'>muudum</span> <span class='ocrx_word' id='word_1_262' title='bbox 967 3001 1105 3078; x_wconf 87' lang='lat' dir='ltr'>deseruit,</span> <span class='ocrx_word' id='word_1_263' title='bbox 1136 3007 1165 3061; x_wconf 84' lang='lat' dir='ltr'>et</span> 
     </span>
     <span class='ocr_line' id='line_1_33' title="bbox 127 3088 1164 3165; baseline 0 -17"><span class='ocrx_word' id='word_1_264' title='bbox 127 3088 270 3164; x_wconf 81' lang='lat' dir='ltr'>religionis</span> <span class='ocrx_word' id='word_1_265' title='bbox 291 3089 421 3148; x_wconf 87' lang='lat' dir='ltr'>habitum</span> <span class='ocrx_word' id='word_1_266' title='bbox 452 3093 482 3148; x_wconf 92' lang='lat' dir='ltr'>in</span> <span class='ocrx_word' id='word_1_267' title='bbox 503 3089 714 3148; x_wconf 80' lang='lat' dir='ltr'>Hammenrode</span> <span class='ocrx_word' id='word_1_268' title='bbox 735 3090 868 3164; x_wconf 87' lang='lat' dir='ltr'>suscepit.</span> <span class='ocrx_word' id='word_1_269' title='bbox 910 3089 967 3148; x_wconf 89' lang='lat' dir='ltr'>Dic</span> <span class='ocrx_word' id='word_1_270' title='bbox 988 3089 1114 3165; x_wconf 83' lang='lat' dir='ltr'>quadam</span> <span class='ocrx_word' id='word_1_271' title='bbox 1134 3090 1164 3148; x_wconf 90' lang='lat' dir='ltr'>in</span> 
     </span>
     <span class='ocr_line' id='line_1_34' title="bbox 127 3174 1164 3252; baseline 0.002 -18"><span class='ocrx_word' id='word_1_272' title='bbox 127 3174 232 3235; x_wconf 84' lang='lat' dir='ltr'>solario</span> <span class='ocrx_word' id='word_1_273' title='bbox 244 3176 420 3251; x_wconf 87' lang='lat' dir='ltr'>probationis</span> <span class='ocrx_word' id='word_1_274' title='bbox 432 3178 461 3234; x_wconf 94' lang='lat' dir='ltr'>in</span> <span class='ocrx_word' id='word_1_275' title='bbox 474 3179 601 3236; x_wconf 89' lang='lat' dir='ltr'>oratione</span> <span class='ocrx_word' id='word_1_276' title='bbox 617 3179 721 3250; x_wconf 88' lang='lat' dir='ltr'>iacens,</span> <span class='ocrx_word' id='word_1_277' title='bbox 743 3182 772 3235; x_wconf 91' lang='lat' dir='ltr'>et</span> <span class='ocrx_word' id='word_1_278' title='bbox 786 3175 821 3236; x_wconf 89' lang='lat' dir='ltr'>de</span> <span class='ocrx_word' id='word_1_279' title='bbox 836 3179 959 3252; x_wconf 88' lang='lat' dir='ltr'>eorporis</span> <span class='ocrx_word' id='word_1_280' title='bbox 973 3179 1018 3235; x_wconf 90' lang='lat' dir='ltr'>sui</span> <span class='ocrx_word' id='word_1_281' title='bbox 1033 3175 1164 3236; x_wconf 89' lang='lat' dir='ltr'>imbecil-</span> 
     </span>
     <span class='ocr_line' id='line_1_35' title="bbox 127 3260 1164 3342; baseline 0.001 -22"><span class='ocrx_word' id='word_1_282' title='bbox 127 3260 223 3336; x_wconf 83' lang='lat' dir='ltr'>litate,</span> <span class='ocrx_word' id='word_1_283' title='bbox 252 3261 358 3322; x_wconf 89' lang='lat' dir='ltr'>ordinis</span> <span class='ocrx_word' id='word_1_284' title='bbox 386 3263 574 3338; x_wconf 87' lang='lat' dir='ltr'>districtione,</span> <span class='ocrx_word' id='word_1_285' title='bbox 602 3264 759 3338; x_wconf 88' lang='lat' dir='ltr'>poenisque</span> <span class='ocrx_word' id='word_1_286' title='bbox 787 3265 957 3339; x_wconf 86' lang='lat' dir='ltr'>purgatoriis</span> <span class='ocrx_word' id='word_1_287' title='bbox 970 3260 990 3342; x_wconf 75' lang='lat'>²)</span> <span class='ocrx_word' id='word_1_288' title='bbox 1020 3265 1164 3341; x_wconf 86' lang='lat' dir='ltr'>cogitans,</span> 
     </span>
     <span class='ocr_line' id='line_1_36' title="bbox 75 3348 1164 3428; baseline -0.001 -20"><span class='ocrx_word' id='word_1_289' title='bbox 75 3413 80 3428; x_wconf 56' lang='lat'>,</span> <span class='ocrx_word' id='word_1_290' title='bbox 128 3348 244 3408; x_wconf 85' lang='lat' dir='ltr'>taedere</span> <span class='ocrx_word' id='word_1_291' title='bbox 276 3351 379 3426; x_wconf 77' lang='lat' dir='ltr'>coepit.</span> <span class='ocrx_word' id='word_1_292' title='bbox 428 3349 466 3408; x_wconf 85' lang='lat' dir='ltr'>Et</span> <span class='ocrx_word' id='word_1_293' title='bbox 497 3367 565 3409; x_wconf 88' lang='lat' dir='ltr'>mox</span> <span class='ocrx_word' id='word_1_294' title='bbox 596 3349 718 3408; x_wconf 89' lang='lat' dir='ltr'>mirabili</span> <span class='ocrx_word' id='word_1_295' title='bbox 749 3350 874 3424; x_wconf 88' lang='lat' dir='ltr'>quedam</span> <span class='ocrx_word' id='word_1_296' title='bbox 902 3353 1008 3410; x_wconf 86' lang='lat' dir='ltr'>virtute</span> <span class='ocrx_word' id='word_1_297' title='bbox 1038 3351 1164 3409; x_wconf 86' lang='lat' dir='ltr'>animam</span> 
     </span>
     <span class='ocr_line' id='line_1_37' title="bbox 126 3436 1164 3512; baseline -0.002 -16"><span class='ocrx_word' id='word_1_298' title='bbox 126 3451 211 3496; x_wconf 83' lang='lat' dir='ltr'>susm</span> <span class='ocrx_word' id='word_1_299' title='bbox 239 3453 258 3495; x_wconf 89' lang='lat' dir='ltr'>a</span> <span class='ocrx_word' id='word_1_300' title='bbox 286 3452 405 3511; x_wconf 88' lang='lat' dir='ltr'>corpore</span> <span class='ocrx_word' id='word_1_301' title='bbox 433 3439 558 3512; x_wconf 86' lang='lat' dir='ltr'>separari</span> <span class='ocrx_word' id='word_1_302' title='bbox 586 3439 682 3496; x_wconf 91' lang='lat' dir='ltr'>sensit.</span> <span class='ocrx_word' id='word_1_303' title='bbox 723 3436 804 3495; x_wconf 88' lang='lat' dir='ltr'>Vidit</span> <span class='ocrx_word' id='word_1_304' title='bbox 824 3443 853 3496; x_wconf 89' lang='lat' dir='ltr'>et</span> <span class='ocrx_word' id='word_1_305' title='bbox 873 3437 1057 3512; x_wconf 86' lang='lat' dir='ltr'>sepulchrum</span> <span class='ocrx_word' id='word_1_306' title='bbox 1078 3452 1164 3511; x_wconf 88' lang='lat' dir='ltr'>opere</span> 
     </span>
     <span class='ocr_line' id='line_1_38' title="bbox 128 3521 1164 3599; baseline 0.001 -17"><span class='ocrx_word' id='word_1_307' title='bbox 128 3523 248 3582; x_wconf 83' lang='lat' dir='ltr'>mirilico</span> <span class='ocrx_word' id='word_1_308' title='bbox 271 3539 367 3582; x_wconf 87' lang='lat' dir='ltr'>coram</span> <span class='ocrx_word' id='word_1_309' title='bbox 394 3540 425 3582; x_wconf 87' lang='lat' dir='ltr'>se</span> <span class='ocrx_word' id='word_1_310' title='bbox 448 3525 646 3599; x_wconf 88' lang='lat' dir='ltr'>compositum.</span> <span class='ocrx_word' id='word_1_311' title='bbox 688 3522 727 3581; x_wconf 89' lang='lat' dir='ltr'>Et</span> <span class='ocrx_word' id='word_1_312' title='bbox 747 3539 814 3583; x_wconf 90' lang='lat' dir='ltr'>eece</span> <span class='ocrx_word' id='word_1_313' title='bbox 836 3528 935 3582; x_wconf 85' lang='lat' dir='ltr'>saneta</span> <span class='ocrx_word' id='word_1_314' title='bbox 955 3523 1013 3598; x_wconf 87' lang='lat' dir='ltr'>Dei</span> <span class='ocrx_word' id='word_1_315' title='bbox 1034 3521 1164 3583; x_wconf 86' lang='lat' dir='ltr'>Genitrix</span> 
     </span>
    </p>
   </div>
   <div class='ocr_carea' id='block_1_5' title="bbox 146 3683 1163 3918">
    <p class='ocr_par' dir='ltr' id='par_1_5' title="bbox 146 3683 1163 3918">
     <span class='ocr_line' id='line_1_39' title="bbox 146 3683 1163 3775; baseline 0 -18"><span class='ocrx_word' id='word_1_316' title='bbox 146 3705 216 3774; x_wconf 84' lang='lat' dir='ltr'>t)c</span> <span class='ocrx_word' id='word_1_317' title='bbox 238 3683 438 3760; x_wconf 46' lang='lat' dir='ltr'>habehusen·</span> <span class='ocrx_word' id='word_1_318' title='bbox 455 3737 484 3749; x_wconf 90' lang='lat'><em>-</em></span> <span class='ocrx_word' id='word_1_319' title='bbox 512 3707 581 3775; x_wconf 70' lang='lat' dir='ltr'>eje</span> <span class='ocrx_word' id='word_1_320' title='bbox 604 3724 761 3762; x_wconf 86' lang='lat' dir='ltr'>reversus</span> <span class='ocrx_word' id='word_1_321' title='bbox 784 3716 833 3761; x_wconf 85' lang='lat' dir='ltr'>est</span> <span class='ocrx_word' id='word_1_322' title='bbox 855 3715 1008 3758; x_wconf 86' lang='lat' dir='ltr'>mortuus.</span> <span class='ocrx_word' id='word_1_323' title='bbox 1033 3735 1063 3746; x_wconf 92' lang='lat'>·-</span> <span class='ocrx_word' id='word_1_324' title='bbox 1088 3705 1120 3774; x_wconf 82' lang='lat'>3)</span> <span class='ocrx_word' id='word_1_325' title='bbox 1143 3705 1163 3757; x_wconf 84' lang='lat' dir='ltr'><strong><em>G</em></strong></span> 
     </span>
     <span class='ocr_line' id='line_1_40' title="bbox 197 3774 1162 3850; baseline -0.004 -23"><span class='ocrx_word' id='word_1_326' title='bbox 197 3775 337 3844; x_wconf 80' lang='lat' dir='ltr'>delegit.</span> <span class='ocrx_word' id='word_1_327' title='bbox 357 3806 387 3818; x_wconf 89' lang='lat'>-·</span> <span class='ocrx_word' id='word_1_328' title='bbox 411 3777 444 3845; x_wconf 84' lang='lat' dir='ltr'>t)</span> <span class='ocrx_word' id='word_1_329' title='bbox 463 3779 499 3828; x_wconf 84' lang='lat' dir='ltr'>sie</span> <span class='ocrx_word' id='word_1_330' title='bbox 516 3777 580 3832; x_wconf 86' lang='lat' dir='ltr'>libri.</span> <span class='ocrx_word' id='word_1_331' title='bbox 600 3807 631 3820; x_wconf 88' lang='lat'>·-</span> <span class='ocrx_word' id='word_1_332' title='bbox 654 3780 687 3850; x_wconf 81' lang='lat'>5)</span> <span class='ocrx_word' id='word_1_333' title='bbox 704 3778 743 3832; x_wconf 78' lang='grc' dir='ltr'>ΟΡ</span> <span class='ocrx_word' id='word_1_334' title='bbox 765 3777 839 3833; x_wconf 85' lang='lat' dir='ltr'>nisi.</span> <span class='ocrx_word' id='word_1_335' title='bbox 860 3804 891 3814; x_wconf 97' lang='lat'>-</span> <span class='ocrx_word' id='word_1_336' title='bbox 911 3777 943 3846; x_wconf 84' lang='grc'>6)</span> <span class='ocrx_word' id='word_1_337' title='bbox 960 3776 1040 3846; x_wconf 78' lang='lat' dir='ltr'>Apoc.</span> <span class='ocrx_word' id='word_1_338' title='bbox 1060 3774 1162 3837; x_wconf 80' lang='lat'>22,11.</span> 
     </span>
     <span class='ocr_line' id='line_1_41' title="bbox 200 3844 705 3918; baseline 0.008 -18"><span class='ocrx_word' id='word_1_339' title='bbox 200 3873 231 3886; x_wconf 90' lang='lat'><em>—</em></span> <span class='ocrx_word' id='word_1_340' title='bbox 251 3844 571 3918; x_wconf 58' lang='lat' dir='ltr'>incrementati.</span> <span class='ocrx_word' id='word_1_341' title='bbox 701 3859 705 3866; x_wconf 82' lang='lat'>&#39;</span> 
     </span>
    </p>
   </div>
   <div class='ocr_carea' id='block_1_6' title="bbox 0 0 1316 4252">
    <p class='ocr_par' dir='ltr' id='par_1_6' title="bbox 0 0 1316 4252">
     <span class='ocr_line' id='line_1_42' title="bbox 0 0 1316 4252; baseline 0 0"><span class='ocrx_word' id='word_1_342' title='bbox 0 0 1316 4252; x_wconf 95' lang='lat' dir='ltr'> </span> 
     </span>
    </p>
   </div>
  </div>
 </body>
</html>
