2524 4252
316 278 370 340 DE
391 227 573 342 Panemo
594 281 858 344 MORTUORUM.
1038 285 1100 381 325

80 417 137 462 tons
163 407 223 462 erat
249 401 419 478 perdidisset
439 403 613 479 palefredum
627 400 660 484 ¹),
688 421 803 465 servum
824 423 908 466 suurn
929 403 967 464 ad
989 401 1103 468 diversa

79 487 136 548 loca
155 491 230 550 misit
250 489 288 548 ad
307 491 535 567 investigandum
556 489 646 549 illurn.
696 491 749 552 Oui
774 491 971 552 homoscnex
998 509 1102 554 occur·

79 591 144 650 rens,
164 577 218 636 ait:
239 575 305 652 Quo
327 576 417 652 vadis,
438 583 488 636 aut
506 578 575 653 quid
596 578 730 653 quoeris?
773 579 894 638 Dicente
915 577 973 654 illo,
995 596 1101 655 equum

80 660 175 722 domiui
195 664 252 722 moi
274 680 396 739 quaer03
426 664 571 723 subiunxit
592 665 692 725 homo:
722 665 785 742 Ego
807 669 876 726 novi
897 666 947 725 ubi
975 669 1021 725 sit.
1062 665 1102 726 Et

78 749 123 809 ubi
141 748 204 810 est?
224 751 325 826 iuquit
367 750 539 826 Respondit:
561 751 596 810 In
617 759 713 811 monte
729 751 843 828 Gyber3
864 754 903 812 ibi
926 769 992 812 cunr
1012 753 1102 812 habet

80 833 199 896 dominus
220 853 303 896 meus
316 837 380 897 Rex
396 835 546 898 Arcturus.
576 838 661 898 Idem
680 856 763 899 mons
776 840 905 898 dammas
920 841 1026 899 evomit
1042 843 1101 900 sic·

78 929 107 982 ut
123 923 279 984 Vulcanus.
321 922 460 999 Stupente
481 941 564 984 servo
588 925 626 984 ad
651 927 737 985 verba
758 926 841 1001 illins,
862 928 1022 985 subiunxit:
1044 927 1112 989 Diei

79 1007 183 1070 domino
204 1016 254 1069 tuo
267 1015 300 1070 ut
320 1009 358 1069 ad
380 1010 440 1070 dies
462 1012 677 1086 quatuordeeim
699 1010 792 1093 illuc²)
815 1016 912 1074 veniat
932 1013 971 1072 ad
993 1015 1101 1074 curiam

78 1098 132 1157 eius
151 1095 325 1160 sollemnem.
368 1097 498 1174 Quodsi
520 1101 546 1158 ei
565 1099 660 1165 dicere
669 1096 690 1178 ³)
712 1103 849 1175 omiseris,
869 1103 994 1177 graviter
1013 1096 1101 1176 puni·

78 1185 134 1242 eris.
172 1183 317 1244 Reversus
345 1200 461 1259 servus,
490 1202 564 1261 quae
593 1186 702 1246 audivit
729 1187 843 1246 domino
872 1205 925 1246 suo
954 1190 1100 1262 exposuit,

78 1283 137 1330 tum
161 1272 262 1332 timore
289 1276 395 1330 tamen.
437 1272 573 1332 Deoanus
602 1273 640 1332 ad
665 1275 771 1333 curiam
793 1272 907 1333 Arcturi
934 1291 965 1333 se
993 1276 1100 1336 invita-

77 1362 132 1416 lurn
151 1357 268 1436 audiens
290 1363 319 1417 et
339 1357 469 1434 irridens,
495 1359 653 1419 infirmatus
675 1359 719 1420 die
740 1361 867 1436 praefixo
890 1367 1019 1420 mortuus
1048 1369 1100 1422 est.

77 1441 151 1503 Haec
167 1443 361 1504 Godescalcus
380 1448 533 1505 canonieus
546 1447 707 1506 Bonnensis
728 1449 810 1506 nobis
824 1447 927 1521 retulit,
949 1448 1046 1508 dicens
1068 1465 1100 1510 sc

12 1533 13 1536 ’
77 1528 171 1589 eodem
197 1537 327 1608 ternpore
355 1532 460 1591 ibidem
488 1533 584 1591 finisse.
631 1532 835 1594 NOVICIUS:
861 1533 1006 1594 Mirabilia
1034 1542 1101 1594 sunt

77 1632 144 1690 quac
169 1620 279 1678 recitas.
331 1617 567 1680 MONAOHUS·
596 1617 701 1695 Aliqua
730 1620 782 1680 tibi
810 1620 904 1680 adhue
934 1621 970 1680 de
998 1620 1100 1754 eodem

77 1710 163 1764 ruente
185 1704 310 1766 dicturus
331 1723 404 1766 sum.

415 1895 646 1958 CAPITULUM
665 1897 753 1956 XIII.

142 2017 188 2077 De
206 2035 304 2094 poetro
324 2017 479 2094 Bertolplrt
499 2020 592 2078 Ducis
615 2018 768 2095 deceptae
788 2022 841 2096 qut
860 2021 965 2079 radoan
987 2027 1040 2082 eet
1106 1998 1110 2006 ¹

469 2109 501 2168 itt
527 2106 704 2166 Volautrum.
780 2119 787 2132 ’

131 2224 211 2286 Circa
238 2225 295 2287 hoc
321 2227 472 2286 triennium
500 2226 629 2286 homines
658 2227 774 2302 quidam
804 2227 985 2288 ambulantes
1016 2231 1096 2289 iuxta

76 2311 187 2372 audem
208 2321 335 2373 montem
349 2313 456 2391 Gyber,
476 2331 579 2374 vocem
600 2313 726 2373 validam
746 2316 776 2372 in
796 2313 870 2374 haec
883 2316 973 2374 verba
994 2315 1096 2376 andic-

74 2406 144 2458 runt:
163 2400 308 2477 Praepara
329 2401 433 2461 focum.
475 2400 591 2460 Modico
612 2401 687 2460 sacto
709 2401 867 2476 intervallo,
887 2401 1096 2464 idem'elama·

73 2491 125 2544 mm
145 2493 197 2546 est
241 2486 369 2563 Cumque
386 2489 467 2546 tertio
490 2482 661 2566 clamaret⁴)‚
682 2505 822 2564 praepara
834 2488 929 2547 socnm
943 2506 1096 2566 magnum3

73 2571 206 2650 respondit
217 2577 314 2634 nescio
328 2575 403 2652 quis:
428 2575 481 2633 Gui
492 2574 690 2650 praeparabo?
729 2575 767 2633 Et
788 2575 848 2634 ille:
871 2575 1001 2636 Dilectus
1022 2579 1096 2635 ami-

73 2674 116 2717 tus
142 2665 237 2720 noster
264 2662 312 2720 hie
341 2664 420 2721 venit
445 2662 515 2719 Dux
544 2661 706 2738 Geringiae,
744 2663 792 2737 qni
823 2662 976 2738 plurimum
1011 2663 1095 2724 nobis

72 2749 190 2806 servivit.
229 2747 276 2807 Illi
296 2754 428 2808 notantes
446 2748 520 2807 diem
534 2755 562 2808 et
582 2749 692 2824 horarn,
712 2765 764 2824 per
785 2748 892 2808 litteras
914 2749 1012 2808 audita
1032 2749 1094 2809 Re·

71 2833 261 2906 peredeum
283 2835 499 2910 mandaverunt,
520 2837 726 2911 interrogantes
740 2837 764 2893 si
785 2835 887 2910 aliquis
904 2836 933 2893 in
957 2837 1017 2894 eins
1037 2837 1094 2894 inr-

72 2921 140 2992 pcrio
161 2930 289 2980 mortuus
309 2922 409 2980 fuisset
421 2921 490 2980 Dux
512 2921 667 2998 Geringiae.
710 2921 748 2979 Et
770 2929 947 2997 compertum
969 2929 1020 2997 cst,
1043 2938 1094 2984 ea·

73 3003 131 3066 dem
151 3007 195 3067 die
217 3014 246 3068 et
266 3009 337 3068 hora
356 3008 544 3084 Bertolpbnm
565 3008 678 3072 Ducem
701 3008 848 3086 ceringiae
876 3009 963 3069 luisse
991 3008 1095 3069 defun-

72 3097 151 3152 ctum.
190 3094 261 3154 Erat
282 3101 378 3155 autem
399 3095 474 3154 idem
496 3095 564 3153 Dux
585 3097 751 3171 tyrannus
743 3098 892 3169 rmmanis,
921 3101 980 3154 tarn
1009 3097 1095 3157 nobi-

71 3172 132 3237 lium
146 3197 230 3256 quam
243 3181 410 3262 ignobilium
425 3182 641 3258 exhereditator,
663 3187 691 3240 et
705 3181 771 3246 fidei
787 3181 945 3242 catholicae
960 3182 1095 3244 desertor.

73 3261 196 3338 Quicum
209 3285 266 3326 non
281 3269 400 3329 haberet
413 3269 531 3346 prolem,
544 3272 696 3347 instigante
708 3271 777 3327 vitio
790 3271 928 3329 avaritiae
941 3270 1093 3346 plurimam

72 3362 283 3431 congregaverat
298 3359 457 3431 pecuniam.
490 3355 563 3414 Onrn
584 3362 680 3414 autern
702 3358 854 3415 moriturus
877 3364 960 3432 esset,
982 3361 1093 3434 rogavit

72 3437 120 3494 sibi
137 3439 286 3502 familiares
302 3450 335 3502 ut
357 3460 455 3502 omnes
477 3460 544 3502 suos
565 3441 714 3502 thesauros
737 3442 915 3503 conflarent
908 3463 937 3503 ιιι
958 3461 1092 3504 massam.

72 3519 222 3600 Requisitus
245 3527 280 3588 de
301 3529 365 3605 hoc,
386 3529 546 3606 respondit:
568 3530 631 3606 Ego
653 3531 721 3590 novi
744 3529 821 3607 quod
843 3533 957 3608 cognati
978 3531 1035 3589 mei
1056 3528 1092 3589 de

72 3617 153 3672 morte
165 3631 228 3676 mea
249 3616 416 3694 gaudentes,
437 3618 492 3676 sibi
514 3617 640 3676 divident
654 3616 803 3677 thesauros
817 3634 905 3677 meos.
943 3616 973 3675 Si
994 3622 1091 3676 autem

89 3777 115 3845 1)
131 3779 170 3834 Bc
186 3783 387 3850 palefridum
401 3786 474 3852 -2)
492 3785 512 3838 B
530 3784 730 3854 ilitez-ejit
749 3787 776 3839 si
794 3784 965 3848 dicensi,
983 3781 1044 3836 CFl'
1062 3787 1089 3835 ri

132 3849 294 3907 dicere-
314 3855 347 3923 t)
365 3853 426 3908 BCF
445 3854 649 3907 clamaretur
