2608 4252
143 253 186 312 20
447 249 674 314 DISTINOTIO
696 250 871 314 SEPTIMA

143 375 174 432 in
207 371 335 434 claritate
361 375 487 434 maxima
515 392 582 434 oum
609 375 701 434 multa
734 377 820 436 turba
847 375 989 452 virginum
1017 387 1071 451 per
1095 373 1181 436 lone-

142 465 232 520 stram
269 477 304 520 eo
332 460 447 521 vidente
474 463 604 538 ingressa
632 468 684 521 est
730 462 906 537 Diotumqua
935 467 980 521 est
1007 463 1034 521 ei
1049 457 1075 542 ¹),
1100 460 1181 538 quod

142 548 207 622 ipsa
228 553 304 608 esset
323 547 424 608 mulier
446 547 481 608 de
502 549 655 608 Nazareth.
697 548 779 624 Quae
802 565 904 624 eorpus
929 550 1058 609 aramme
1079 565 1179 608 saeer-

143 633 218 692 dotis
246 652 265 694 a
291 637 386 710 eapite
413 634 528 711 levans,
560 642 589 695 et
608 635 777 695 Frederious
797 636 971 710 Imperator,
999 653 1073 696 aurs
1092 635 1180 696 huius

142 721 295 795 FrederieI,
317 724 366 796 qui
387 721 473 782 hodie
493 724 628 798 imperat,
650 739 668 782 a
689 729 770 798 parto
790 722 905 798 pedum,
926 728 1088 784 reverenter
1107 720 1179 782 illud

142 807 364 868 tumulaverunt
404 807 519 868 Deinde
545 811 631 869 beata
651 810 742 886 Virgo
771 826 837 868 oum
857 808 1037 869 multitudine
1058 808 1179 886 angelo·
1299 823 1300 832 ¹

141 911 206 953 rum
238 897 457 971 obsequentium
488 895 526 955 ad
558 895 694 956 eoelestia
721 896 847 972 rediens,
878 899 1005 956 animam
1031 895 1179 973 tumulati,
1299 919 1300 928 ¹

143 981 315 1041 daemonum
347 986 469 1043 catervis
503 984 690 1058 sequentibus
701 980 737 1063 ²),
778 989 807 1042 et
831 1000 945 1042 massas
979 986 1079 1060 igneas
1113 987 1180 1059 post

142 1085 208 1129 eam
221 1069 446 1144 exsufflandbus,
467 1086 566 1129 seeum
578 1071 667 1144 duxit,
680 1067 864 1144 illaesamque
878 1069 1039 1129 custodivit.
1081 1070 1180 1130 Duota

141 1161 239 1214 tamen
260 1155 298 1214 ad
319 1156 462 1232 quendam
483 1160 579 1233 ignem
606 1159 776 1232 marimum,
805 1156 908 1216 edocta
929 1162 973 1216 est
994 1157 1033 1216 ab
1053 1157 1179 1234 angelis,

141 1242 221 1316 quod
256 1248 324 1318 post
353 1249 475 1303 mortem
505 1243 572 1302 illue
605 1250 682 1302 esset
711 1243 837 1303 reditsua
869 1249 898 1302 et
927 1245 1024 1320 ignem
1056 1242 1180 1304 eundem
1299 1289 1300 1300 ,

141 1330 303 1388 transitura
343 1329 474 1406 Repente
495 1347 527 1390 se
548 1333 660 1406 torpori
682 1333 841 1390 restitutam
865 1332 982 1393 invenit.
1023 1329 1071 1391 Do
1091 1329 1179 1390 modo

141 1414 216 1475 illins
230 1417 403 1476 transitionis
425 1424 454 1477 et
468 1435 556 1478 oausa
576 1419 682 1477 nemini
695 1416 802 1492 aliquid
816 1417 910 1476 dicere
931 1417 1030 1478 voluit
1072 1417 1180 1478 Testa·

142 1507 189 1562 tus
217 1508 261 1562 est
288 1509 386 1563 autern
420 1505 546 1564 animam
581 1521 664 1563 suam
691 1504 798 1579 ubique
829 1504 917 1564 luisse
952 1505 1111 1579 oodatm,
1150 1509 1181 1566 et

140 1595 240 1650 tantae
259 1592 403 1667 scientiae,
423 1591 560 1667 quamdiu
581 1597 667 1650 exuta
686 1592 739 1650 fuit
759 1609 778 1650 a
799 1607 926 1667 oorpore,
945 1598 979 1652 ut
999 1597 1065 1666 post
1085 1592 1180 1650 susei-

142 1679 280 1736 tationem
315 1681 461 1738 caecitatis
495 1694 564 1739 suae
596 1677 746 1754 caliginem
779 1681 936 1738 miraretur.
983 1677 1180 1754 Interrogatus

142 1762 179 1824 de
209 1765 306 1824 formis
341 1765 508 1842 angelorum
542 1767 603 1824 sive
636 1764 824 1840 daemonum,
861 1764 1022 1840 respondit,
1061 1763 1180 1842 angelos
1299 1779 1300 1804 ¹

141 1867 174 1911 se
194 1851 301 1912 viduae
321 1853 350 1910 in
371 1855 467 1927 speeie
480 1851 639 1928 puellarum
654 1852 914 1928 pulcherrimarum,
936 1853 1089 1912 daemones
1109 1867 1179 1912 vero

141 1939 171 1998 iu
203 1937 296 2015 effigie
328 1954 487 1998 corvorum.
540 1938 598 2000 Hie
629 1938 764 1998 recordor
798 1939 866 1998 dieti
893 1938 1057 2014 ouimdam,
1097 1939 1180 1998 euius
1299 1937 1300 1966 ³

141 2025 239 2086 anima
259 2042 351 2101 nuper
371 2025 475 2086 educta
495 2025 548 2084 fuit
568 2043 587 2085 a
609 2042 743 2102 corpore,
766 2032 795 2084 et
815 2043 940 2086 reversa.
981 2025 1103 2100 Anima,
1130 2027 1179 2086 in·
1299 2037 1300 2118 q

141 2113 212 2188 quit,
233 2111 337 2173 educta
358 2129 519 2189 usurpare,
541 2112 655 2187 quando
676 2130 735 2173 non
757 2118 800 2172 est
821 2108 1033 2192 revertenda³),
1053 2111 1179 2189 reliquas

141 2201 253 2260 animas
274 2201 335 2259 sive
357 2201 472 2275 spiritus
484 2199 630 2276 angelicos
651 2200 731 2260 videt
751 2201 834 2260 sicuti
855 2206 929 2259 sunt
972 2198 1095 2275 Quando
1108 2215 1179 2260 vero
1299 2231 1300 2260 l

140 2303 290 2346 reversura
317 2291 362 2346 est
386 2285 425 2345 ad
454 2303 573 2362 eorpus,
600 2304 658 2346 non
687 2289 714 2346 ei
742 2282 826 2346 datru
846 2289 956 2346 animas
977 2288 1039 2347 sive
1060 2285 1179 2363 angelos
1299 2311 1300 2324 ¹

142 2372 341 2448 contemplari,
372 2375 427 2434 nisi
447 2374 501 2432 sub
524 2373 621 2449 aliqua
642 2373 823 2434 similitudine
845 2379 875 2433 et
893 2373 1078 2448 liniamentis,
1107 2389 1178 2450 pro-
1299 2389 1300 2408 ¹

96 2489 98 2496 v
140 2465 205 2536 pter
224 2463 364 2521 urentes.
405 2458 606 2520 NOVICIUS:
628 2459 704 2520 Satis
717 2461 830 2520 videtur
842 2460 919 2520 istud
941 2477 1005 2521 esse
1018 2459 1178 2536 probabile.

140 2545 201 2608 Sed
235 2546 304 2623 quId
338 2547 479 2623 signifieat
514 2547 592 2622 quod
626 2548 805 2623 praedictum
840 2547 1017 2607 sacerdotem
1051 2546 1178 2607 Domina

140 2640 240 2694 nostra
262 2650 328 2694 eum
353 2633 530 2710 Imperatore
550 2634 702 2694 Frederieo
724 2633 898 2694 tumulavit?
941 2631 1177 2696 MONAOHUS:

140 2719 221 2781 Siout
241 2721 311 2781 mibi
331 2721 428 2781 retulit
448 2722 592 2796 praelatus
614 2721 773 2796 Walterus,
807 2723 856 2797 qui
876 2721 961 2780 huius
982 2720 1177 2782 tumulationIs

139 2807 311 2870 solutionem
339 2825 406 2868 eum
426 2809 550 2868 maximo
572 2808 685 2883 abore,
718 2815 748 2868 et
768 2809 824 2869 hoo
850 2810 1053 2884 seoretissIme,
1080 2807 1118 2868 ab
1141 2823 1177 2867 eo
1299 2823 1300 2888 q

140 2893 242 2956 elisere
263 2898 365 2973 potuit,
386 2902 525 2972 quantum
547 2896 633 2956 beata
642 2895 733 2972 Virgo
754 2895 834 2954 illum
852 2895 988 2971 dilexom,
1009 2894 1057 2956 vel
1078 2896 1178 2971 quanti

138 2984 232 3045 meriti
259 2983 338 3064 apud
358 2983 456 3044 Deum
481 2980 580 3057 luerit,
607 2999 659 3059 per
682 2982 803 3044 eandem
832 2984 859 3042 ei
884 2981 1177 3043 virionem'ostendit.

139 3069 186 3131 Ae
206 3073 233 3130 si
264 3071 387 3132 diceret:
417 3070 521 3132 Nullus
552 3071 582 3129 in
609 3086 698 3147 regno
730 3076 842 3131 terreno
870 3069 1023 3130 Frederieo
1052 3067 1178 3130 Caesare

139 3159 189 3234 qui
209 3175 285 3218 nuno
306 3160 427 3234 imperat
456 3158 566 3236 dignior
589 3163 645 3232 est,
676 3173 731 3217 nee
752 3159 814 3234 ipse
835 3163 933 3217 tamen
952 3163 1099 3233 praestare
1121 3156 1178 3216 ob-

138 3246 270 3321 sequium
291 3245 454 3324 sepulturae
467 3251 543 3306 tuae
558 3244 660 3322 dignus
679 3250 731 3304 est.
772 3244 820 3304 Ita
831 3247 893 3319 lpse
906 3243 1052 3304 intellexit.
1092 3243 1177 3303 Dao-

138 3347 319 3392 monesvero
341 3334 370 3392 in
393 3331 511 3392 diversis
529 3332 804 3407 formissaepissims
824 3330 904 3405 vidit,
925 3327 1073 3391 hominum
1093 3329 1177 3390 vide-

138 3420 213 3496 Iieet,
234 3419 407 3494 animalium,
428 3419 586 3494 reptilium,
608 3421 682 3478 sieut
702 3421 731 3476 in
753 3420 853 3494 quiuta
874 3417 1053 3478 montuoso
1073 3419 1178 3476 memi-
1207 3408 1210 3416 ’
1299 3419 1300 3436 ’

137 3509 168 3567 ni
188 3524 237 3568 me
257 3507 369 3583 plenius
385 3507 489 3566 dixisse
511 3504 635 3581 capitulo
648 3510 738 3564 sexto.
750 3539 792 3550 —-
805 3503 878 3564 Cum
899 3509 1028 3578 tempore
1051 3501 1177 3578 quodam

139 3600 229 3656 staret
241 3596 315 3653 inter
325 3593 397 3653 alios
408 3592 445 3652 ad
455 3587 708 3672 psallendumque
719 3588 820 3651 horam
833 3594 953 3664 sextam,
966 3588 1038 3648 vidit
1046 3605 1177 3650 mensam
1299 3647 1300 3672 ,

156 3763 189 3835 1)
224 3763 254 3816 ei
277 3760 327 3814 add
351 3760 380 3814 B.
402 3789 436 3800 -
453 3759 523 3829 2)Β
547 3758 868 3830 insequentibus'-
895 3753 928 3822 3)
944 3750 966 3806 O
981 3767 1173 3809 reversura.

209 3863 238 3874 -
260 3832 293 3901 t)
309 3831 330 3886 B
347 3829 501 3902 psallere.
