2506 4254
170 275 232 334 258
482 273 709 337 DISTINOTIO
733 273 890 336 Ducum

170 395 258 473 <ligna
284 394 337 456 tibi
367 396 487 458 recitare
517 414 646 474 possem,
678 399 789 458 sinon
820 396 858 459 ad
890 395 1003 457 utiliora
1032 397 1180 458 festinarem

169 481 294 542 Masculi
307 500 374 542 suas
390 483 510 544 feminas
532 485 617 544 valde
638 484 740 560 zelant,
761 485 901 546 adulteria
920 485 1085 561 gravissime
1104 483 1181 545 vindi-

170 575 246 630 cant.
281 567 406 630 ‘Habent
418 576 515 630 tamen
530 572 652 631 laminae
673 589 763 632 rmum
783 571 940 632 remedium
961 573 1030 632 satis
1050 569 1182 630 nriracnlo·

162 673 244 724 sum.
292 655 324 716 Si
346 663 412 716 ante
440 656 597 718 adveutum
625 660 670 718 sui
697 661 838 735 comparis
866 659 950 734 aquis
977 675 1010 718 se
1037 659 1182 734 immergere

170 744 307 819 potuerit,
328 742 443 820 culpam
464 745 595 805 adulterii
615 743 664 804 ills
684 746 800 806 minima
822 747 987 822 cognoscit,
1014 745 1108 820 sicque
1125 760 1182 821 poe·

170 847 238 890 nam
258 831 359 890 mortis
379 829 486 892 evadit.

434 995 439 1016 '
529 1020 761 1084 emmenum
786 981 852 1084 nx.

365 1145 413 1204 De
433 1147 555 1222 cyconia
570 1152 697 1222 propter
717 1145 897 1205 adulterium
920 1146 1023 1204 occiso.

235 1264 271 1324 In
291 1267 370 1327 curia
391 1265 540 1326 cuiusdam
560 1265 671 1341 miliu's,
699 1267 773 1326 sicut
800 1283 819 1325 a
841 1265 967 1341 quodam
988 1264 1116 1342 religioso
1134 1264 1183 1322 viro

172 1354 312 1413 veraciter
332 1351 442 1428 audivi,
463 1351 546 1412 nidus
568 1358 629 1413 erat
650 1355 848 1429 cyconiarum,
876 1355 962 1411 maris
984 1352 1090 1412 scilicet
1109 1355 1135 1410 et
1151 1349 1185 1407 le·

172 1441 275 1499 minae.
317 1438 372 1500 Illa
385 1440 504 1500 absente
525 1439 652 1500 masculo
674 1439 845 1500 adulterium
865 1438 1027 1514 admittens,
1046 1438 1186 1513 nequmm

160 1525 271 1606 paludi
299 1541 373 1602 quae
403 1526 500 1586 domui
527 1529 657 1603 proxima
685 1531 758 1604 erat
775 1542 806 1586 se
832 1527 978 1586 immersit
1028 1523 1111 1600 Quod
1135 1539 1186 1582 cun

172 1613 254 1672 miles
275 1619 417 1688 notasset,
448 1629 564 1688 causam
585 1615 657 1673 scire
683 1612 798 1688 volens,
826 1612 933 1674 fossam
961 1612 1078 1689 sepibus
1102 1608 1186 1686 operiri

173 1702 327 1777 praecepit
370 1699 446 1776 Quid
467 1698 571 1777 plura?
616 1699 689 1758 Cum
714 1699 765 1759 illa
792 1698 916 1759 admisso
945 1697 1186 1772 scelerarorum

175 1805 281 1863 aquam
308 1793 434 1865 peteret,
462 1803 516 1846 nec
537 1787 563 1846 ei
584 1787 727 1864 ingressus
747 1792 873 1862 pateret,
900 1787 1012 1845 interim
1034 1801 1096 1844 mas
1114 1783 1187 1852 venit,

177 1875 283 1934 eumen
305 1876 436 1951 agnovit,
464 1873 623 1934 adulteram
642 1879 734 1932 rostro
756 1873 904 1948 impetivit
945 1870 996 1930 Ad
1017 1874 1097 1932 cuins
1115 1873 1188 1928 iuter·

173 1961 325 2020 lectionem
348 1977 413 2020 cum
434 1960 512 2020 solus
532 1977 590 2020 non
616 1960 774 2034 sufficeret,
803 1977 869 2019 cum
893 1959 988 2019 lurore
1016 1957 1144 2031 avolans,
1167 1960 1188 2013 et

174 2053 240 2124 post
259 2047 360 2107 horam
380 2046 500 2122 rediens,
521 2047 617 2106 multis
630 2043 646 2126 ¹)
669 2047 794 2124 cyconiis
814 2047 869 2106 sibi
890 2047 1048 2121 associatis,
1068 2048 1097 2104 iu
1115 2040 1188 2103 oculis

177 2136 303 2194 omnium
317 2136 366 2210 qui
378 2135 499 2194 incuria
515 2134 641 2209 aderant,
663 2135 796 2193 miseram
816 2133 964 2192 interfecit.
1006 2127 1187 2192 NOVIOIUS:

176 2222 251 2282 Puto
280 2223 365 2281 istam
392 2215 564 2298 zelotypiam
592 2220 699 2297 aliquid
725 2223 753 2278 in
786 2237 817 2280 se
854 2222 997 2280 conunere
1030 2214 1188 2279 sacrament.

176 2306 409 2369 MONACHUS:
436 2307 518 2368 Bane
545 2314 641 2384 putas.
688 2307 782 2383 Saepe
804 2308 879 2366 enim
906 2309 936 2364 in
962 2307 1106 2382 scripturis
1123 2304 1188 2362 Deus

177 2396 280 2456 avibus
297 2413 329 2455 ss
352 2398 507 2470 comparat.
551 2393 639 2453 Cuius
656 2411 770 2470 sponsa,
791 2395 886 2454 anima
906 2392 999 2452 fidelis
1021 2398 1073 2452 est.
1111 2385 1188 2450 Adel·

176 2484 279 2542 terium
299 2499 377 2556 vero,
399 2497 482 2542 omne
503 2486 654 2556 peccatum
674 2479 804 2555 mortale,
825 2479 903 2562 quoti
924 2479 964 2539 ab
984 2475 1061 2558 itto²)
1082 2479 1186 2554 separat,

179 2575 209 2630 et
237 2566 351 2629 diabolo
385 2569 538 2644 coniungit.
580 2566 667 2643 Aqua
688 2567 847 2642 baptismus
877 2572 921 2626 est
949 2566 996 2626 vel
1021 2563 1188 2642 poenitentia,

179 2672 254 2732 quac
274 2671 388 2732 semper
409 2653 563 2729 reiteratur,
585 2659 614 2714 et
628 2654 742 2730 culpam
760 2653 858 2729 abluit,
878 2671 916 2712 ne
927 2652 1009 2712 Deus
1023 2651 1099 2711 illam
1110 2648 1188 2712 videat

60 2767 64 2772 ·
178 2742 226 2804 val
249 2747 404 2820 cognoscat
424 2740 466 2800 au.
483 2741 647 2800 vindictam.
689 2739 744 2800 His
767 2740 848 2800 dietis
868 2756 920 2816 pro
950 2739 1094 2816 exemplo,
1120 2737 1188 2797 etiam

177 2828 214 2890 de
234 2830 360 2907 piscibus
382 2830 431 2904 qui
453 2827 488 2888 dc
511 2828 612 2887 eodem
634 2827 789 2902 elemento,
810 2826 841 2886 id
863 2833 908 2886 est
929 2843 1008 2902 aqua
1035 2825 1099 2886 iacti
1123 2825 1187 2891 sunt,

177 2913 254 2976 unde
275 2933 353 2992 aves,
374 2911 481 2992 aliquid
501 2916 554 2975 tibi
574 2914 736 2974 miraculosi
756 2914 892 2974 recitabo.

324 3173 328 3180 ,
499 3152 502 3157 .
527 3105 758 3168 CAPITULUM
777 3105 859 3166 LXI.

294 3229 342 3288 De
364 3229 456 3289 anulo
480 3201 611 3288 Oonrccli
631 3229 800 3303 Praepositi
820 3229 853 3287 ia
873 3243 953 3286 esoce
973 3231 1096 3303 reperto.

244 3347 392 3410 Corradus
420 3349 604 3427 Praepositns
632 3350 724 3409 sancti
751 3347 881 3409 Severini
902 3349 935 3406 in
963 3347 1097 3422 Colonia,
1122 3341 1189 3402 etiam

179 3437 364 3512 Praepositus
388 3442 450 3496 erat
469 3435 637 3495 Xautensis.
686 3433 743 3496 Hrc
772 3453 837 3495 cum
865 3441 995 3510 tempore
1022 3431 1140 3510 quoiam
1162 3422 1190 3483 ad

179 3523 257 3585 idem
278 3521 395 3599 opidum
416 3523 573 3599 navigaret,
594 3527 624 3582 et
649 3539 751 3582 manus
780 3528 861 3582 extra
887 3523 985 3582 navim
993 3518 1014 3602 8)
1043 3523 1072 3578 in
1096 3515 1190 3577 flumine

180 3611 299 3685 lavaret,
319 3608 422 3669 anulus
435 3625 538 3668 aureus
559 3609 653 3668 bonus
674 3609 759 3670 valde
781 3626 819 3674 ex
840 3609 900 3669 eius
922 3607 1012 3684 diffl'te
1033 3607 1135 3677 labens,
1152 3613 1190 3659 cc·

200 3779 231 3849 1)
248 3777 270 3832 ll
287 3791 353 3828 cum
368 3772 489 3826 multis.
508 3801 539 3814 —
558 3773 590 3841 2)
607 3773 629 3828 l)
647 3773 731 3842 quod
754 3775 866 3842 alico,
891 3775 1017 3846 liquori
1033 3789 1088 3828 nor
1103 3787 1117 3824 a
1132 3769 1189 3822 uro.

252 3875 282 3888 -
301 3845 333 3914 3)
351 3842 372 3896 G
389 3857 510 3894 navem.
