2524 4252
156 274 219 336 360
403 285 405 292 ⁴
425 271 659 335 DIBTINOE’IO·
675 271 919 335 Duouuurnn

155 393 390 456 nonianus:
412 395 458 456 De
480 393 588 455 dioillo
606 413 691 456 nemo
714 397 776 472 soit,
798 399 867 472 quia
888 397 948 455 dier
968 397 1097 456 Domirsi
1118 400 1193 456 aaut

153 483 209 560 fur
236 486 269 542 ia
293 490 393 556 nocie,
421 483 452 541 id
481 490 524 542 est
550 485 696 558 inopinate
724 490 753 542 et
779 485 948 558 improvise,
983 487 1029 542 itu
1058 487 1154 543 veniel
1163 481 1193 562 ¹).

156 568 360 630 NOVICIUS:
389 569 447 629 Ubi
470 572 522 628 erit
541 569 698 628 iudicium?
747 568 983 630 MONAOHUS:
1011 569 1110 646 Super
1128 569 1193 630 val-

155 656 211 716 lem
233 655 376 733 Josaphat
396 659 425 714 in
447 673 521 716 aere.
571 655 774 716 NOVIOEUS:
808 656 886 732 Quot
907 662 990 716 erunt
1018 657 1135 716 ordines
1161 659 1190 716 in

155 741 280 803 indicio?
323 742 558 802 MONACHUS:
582 743 720 818 Quatuor.
771 742 895 818 Quidam
921 750 954 802 ut
982 760 1096 803 summe
1125 744 1193 802 boni

154 830 323 890 iudicabunt
344 836 372 890 ct
393 830 595 905 salvabuntur,
625 847 735 888 summe
758 830 825 890 mali
846 833 906 890 sine
933 829 1039 890 iudicio
1071 831 1193 890 damnu-
1256 860 1258 900 ;

154 917 275 993 buntur;
298 916 477 977 mediocriter
492 916 561 975 boni
581 916 783 976 iudicabuntur
805 923 834 975 et
854 917 1058 992 salvabuntur3
1081 917 1193 978 medio·

156 1006 240 1065 criter
267 1004 336 1063 mali
362 1003 563 1062 iudicabuntur
592 1009 621 1062 et
649 1003 868 1062 damnabuntur.
915 1001 1124 1080 novicius:
1149 1004 1193 1062 'In
1254 1017 1257 1083 ij

156 1107 213 1168 qua
241 1091 332 1150 forma
368 1092 518 1166 apparebit
553 1089 704 1150 Christus?
759 1089 995 1150 MONACHUS:
1030 1087 1068 1150 In
1102 1091 1194 1150 forma

156 1179 231 1237 servi
254 1178 386 1236 omnibus
407 1179 574 1254 apparebit,
597 1177 647 1235 sed
669 1177 836 1253 glorificata.
878 1175 1081 1237 NOVICIUS:
1102 1177 1195 1236 Exhi-

157 1263 239 1324 bebit
262 1265 393 1322 omnibus
416 1265 537 1324 eundem
558 1263 692 1322 vultum?
735 1262 968 1324 MONACHUS:
989 1262 1067 1322 Non.
1105 1265 1195 1324 Bonis

155 1351 306 1427 apparebit
319 1353 403 1426 mitis,
424 1351 507 1410 malis
520 1351 660 1410 terribilis.
694 1349 760 1428 Hoc
773 1353 824 1410 tibi
846 1351 995 1412 ostendam
1016 1369 1070 1428 per
1094 1369 1195 1412 exem·

155 1437 244 1516 plum.

466 1671 472 1686 Ι
500 1589 734 1654 onrrruLUM
753 1593 848 1654 LVII.

465 1716 514 1774 De
531 1715 690 1794 Eynolpbo
707 1716 882 1791 Temptatio.

221 1836 304 1896 Circa
324 1835 381 1896 hoo
394 1837 540 1895 biennium
563 1835 697 1896 sacerdos
720 1835 837 1913 quidam
858 1842 987 1896 mortuus
1008 1843 1056 1896 est
1076 1839 1108 1895 iu
1128 1837 1196 1897 Bri·
1254 1856 1257 1923 ἦ

157 1924 226 1984 soka
247 1923 315 1982 villa
328 1923 476 1983 Dioecesis
492 1923 679 1998 boloniensis,
702 1923 737 1982 de
759 1923 857 1984 ordino
880 1923 1118 2008 Templariorum,
1138 1941 1194 1983 no·
1254 1926 1257 2047 ῐ

157 2013 233 2070 mine
253 2009 438 2087 Eynolphus,
465 2013 509 2070 vir
536 2014 605 2070 satis
626 2011 783 2087 religiosus.
826 2011 908 2086 Quae
931 2010 966 2070 da
986 2010 1035 2070 illo
1066 2010 1194 2071 dicturus

155 2115 230 2171 sum,
251 2099 312 2173 ipse
324 2097 394 2156 mihi
415 2114 463 2158 ore
476 2115 528 2158 suo
550 2116 609 2158 non
622 2097 711 2158 semel
732 2097 784 2157 sed
801 2101 915 2173 saepius
936 2099 1075 2158 recitavit.
1120 2097 1194 2157 Cum

157 2185 253 2246 adbuc
274 2201 346 2261 puer
367 2191 457 2259 esset,
484 2187 514 2243 iu
536 2184 621 2244 domo
650 2191 818 2244 materterae
847 2201 916 2244 suae
937 2183 1114 2260 infirmatus,
1143 2201 1194 2244 aa·

69 2309 74 2323 ,
158 2289 236 2332 cram
265 2274 492 2330 communionem
521 2274 654 2347 suscepit.
702 2272 833 2331 Etcum
868 2279 899 2332 se
934 2273 1033 2348 inungi
1066 2279 1194 2348 peteret,
1255 2296 1257 2305 ·

156 2357 330 2434 ¹quibusdam
359 2355 588 2418 dissuadentibus
620 2358 739 2418 dilatum
773 2365 829 2434 est;
866 2360 964 2434 sieque
991 2361 1054 2418 sine
1090 2357 1194 2418 eodem
1254 2308 1257 2438 Ξ

158 2451 337 2504 sacramento
360 2447 522 2521 exspiravit.
555 2445 647 2514 Atiuit
663 2453 693 2504 et
714 2445 833 2521 angelus
847 2445 964 2504 Domini
985 2447 1034 2520 qui
1057 2451 1086 2504 et
1108 2444 1194 2505 dixit:
1254 2447 1257 2511 ,l

158 2531 236 2591 Male
258 2537 355 2591 actum
368 2538 412 2592 est
423 2548 488 2591 cum
498 2549 589 2608 puero
611 2534 677 2606 isto,
698 2549 731 2590 eo
754 2531 832 2606 quod
850 2535 910 2592 sine
923 2549 1007 2592 sacra
1027 2533 1194 2592 inunctione
1254 2540 1256 2577 ¹

158 2620 268 2678 obierit.
299 2619 338 2676 Et
358 2620 468 2678 inunxit
482 2636 557 2694 eum,
577 2621 635 2678 iam
648 2622 850 2678 tamenanima
871 2617 1042 2696 egrediente.
1085 2619 1194 2696 Egres-
1254 2614 1256 2623 '

52 2775 59 2790 ,
156 2723 221 2765 sam
248 2723 318 2765 voro
347 2705 444 2765 divino
472 2704 565 2766 vultui
593 2708 795 2783 praesentavit.
842 2705 943 2782 Quem
973 2705 1087 2764 vultum
1122 2723 1194 2782 puer

158 2794 240 2869 qnasi
260 2809 313 2868 per
332 2792 464 2852 velamen
486 2793 745 2870 contemplabatur,
774 2795 857 2868 eique
886 2793 1009 2852 severus·
1031 2792 1119 2852 valde
1145 2795 1193 2852 ri·

158 2879 287 2940 debatur.
336 2878 375 2938 Et
401 2895 469 2939 ecce
496 2897 564 2938 mox
591 2879 721 2940 diabolus
750 2880 838 2938 affuit.
889 2878 944 2955 Qui
973 2896 1041 2938 aum
1071 2897 1194 2955 puerum

158 2983 295 3026 aoorrsare
316 2966 408 3026 vellet¹
423 2983 477 3026 nec
496 2985 616 3026 causam
637 2967 783 3042 inveniret,
805 2969 845 3025 ait
866 2966 905 3025 ad
925 2967 1037 3026 Deum:
1059 2966 1193 3040 Domine,

158 3069 230 3128 puer
249 3055 303 3112 iste
325 3051 473 3134 obulum)
495 3069 631 3130 germano
653 3069 705 3113 suo
727 3053 883 3127 ditabatur,
903 3070 957 3112 nec
977 3070 1108 3131 unquam
1128 3053 1193 3112 inde

159 3141 217 3214 egit
236 3141 449 3214 poenitentiam.
491 3140 594 3200 Justus
617 3158 663 3214 es,
692 3146 720 3200 et
745 3143 818 3200 iuste
840 3097 965 3200 iudicare
987 3139 1085 3200 debes.
1127 3140 1194 3200 Non
1254 3150 1258 3163 ¹

159 3223 283 3284 dimittes
302 3234 430 3303 reatum,
458 3229 526 3303 quia
551 3245 609 3286 nou
637 3229 759 3287 restituit
780 3227 918 3286 ablatum.
969 3226 1023 3286 Cui
1050 3227 1258 3286 Dominus

158 3311 316 3387 respondit:
347 3313 446 3374 Valles
475 3320 507 3373 ut
532 3325 584 3390 pro
613 3313 723 3373 tantillo
751 3332 872 3390 puerum
901 3313 977 3373 huno
1005 3312 1194 3374 damnarem?
1254 3292 1258 3343 Ι

158 3395 228 3458 Mea
248 3398 355 3458 iustitia
374 3417 433 3458 non
455 3408 499 3460 est
510 3402 620 3477 absque
641 3399 842 3460 misericordia
885 3399 1120 3477 supplicantibus
1140 3417 1194 3477 pro

158 3487 254 3546 anima
274 3487 374 3563 viginti
392 3493 514 3562 quatuor
534 3489 692 3548 senioribus
714 3490 763 3564 qui
784 3489 813 3546 in
835 3489 954 3547 circuitu
974 3487 1051 3548 sedis
1073 3495 1155 3548 eraut
1163 3483 1194 3568 ³),

159 3573 244 3652 crdpa
265 3575 430 3650 remittitur;
452 3592 575 3650 moxque
598 3575 634 3636 ad
656 3582 841 3652 praeceptum
851 3575 907 3636 Dei
929 3574 1063 3651 deducta,
1084 3577 1115 3634 in
1135 3591 1194 3652 pu-

157 3667 236 3722 teum
257 3663 373 3738 igneum
392 3663 521 3736 proiecta
542 3661 594 3720 est.
636 3661 671 3720 In
693 3679 751 3738 quo
773 3668 884 3722 tantam
911 3679 1036 3739 poenam
1063 3660 1194 3740 pertulit,

177 3848 208 3917 l)
225 3847 336 3901 Thessal.
354 3847 374 3914 l,
392 3851 417 3914 5,
434 3848 459 3900 2.
479 3877 509 3888 -
529 3847 561 3916 2)
580 3845 601 3900 C
618 3845 755 3903 obolum.
776 3875 806 3888 -
826 3847 858 3916 3)
875 3845 955 3916 Apoc.
972 3847 998 3912 4,
1016 3848 1041 3900 l.
