2506 4254
149 215 212 276 200
493 213 721 280 viscatorio
743 214 854 326 ΝΟιιΑ

481 369 717 433 CAPITULUM'
743 372 855 434 XLIV.

89 505 92 508 ·
167 491 361 570 Deprecatio
388 494 440 568 qut
460 492 586 553 ιοιιίαιιι
607 511 669 554 aon
699 491 878 553 benedictam
900 510 1007 570 corpus
1026 509 1086 556 aon
1107 507 1163 554 croc

497 579 624 640 Domini
644 580 841 656 deprclrendii.
878 643 883 656 ,

214 698 313 759 Simile
333 702 452 776 contigit
464 699 578 760 cuidam
591 701 737 777 infantulo,
759 701 843 761 sicuti
861 701 962 760 stanes
982 701 1043 760 ιίιιι
1055 695 1177 759 annales

149 784 319 862 Lndolphus
348 794 377 847 et
401 786 600 864 Heydenricus
628 788 761 848 monaehi
781 789 870 847 nostn‘
896 787 966 848 mili
993 787 1177 850 numerarunt

151 870 208 947 Qui
234 889 301 933 oum
320 873 523 949 infirmaretur,
552 873 659 951 Spiritu
679 881 778 935 saneto
800 875 928 949 ιιιιιιιιι,
957 891 1059 950 corpus
1079 869 1176 931 Christi

150 960 205 1020 sihi
233 959 295 1020 dari
315 963 424 1036 petivit
467 960 597 1037 Cumque
625 978 692 1022 aum
718 968 851 1038 pmeutes
880 965 1103 1038 compescerent,
1131 955 1175 1015 illo

149 1046 259 1107 sortiter
280 1046 429 1107 clamavit:
450 1046 528 1108 Dato
549 1048 618 1106 milri
640 1065 743 1124 corpus
757 1049 882 1124 Domini,
904 1049 971 1108 date
991 1047 1059 1106 mihi
1079 1059 1175 1121 eorpus

148 1133 275 1193 Domini.
317 1134 453 1194 Delatum
475 1142 520 1195 est
539 1137 662 1195 verbum
682 1134 721 1195 ad
744 1135 931 1196 sacerdotem.
974 1133 1031 1211 Qui
1051 1150 1113 1194 oum
1133 1129 1175 1189 di·

55 1228 59 1234 ’
150 1227 244 1297 uerat,
265 1237 323 1280 non
346 1228 390 1281 est
410 1239 542 1282 securum
563 1222 617 1296 tali
634 1239 724 1298 puero
746 1225 795 1299 qui
815 1239 874 1282 non
893 1221 1025 1299 intelligit
1044 1217 1109 1298 qnid
1127 1219 1173 1291 sit,

133 1299 219 1367 tna
254 1324 357 1384 corpus
387 1308 523 1384 Domini,
558 1309 682 1369 hostiam
717 1311 744 1369 ai
777 1309 877 1369 detulit
907 1327 965 1368 uon
997 1306 1173 1368 benedictam

150 1393 245 1470 Quam
268 1411 333 1454 uum
355 1397 537 1472 eiporrigere
557 1395 652 1472 vellet,
674 1402 704 1456 ot
724 1395 845 1458 dicaret.
864 1397 942 1456 licre
962 1391 1039 1476 hio¹)
1059 1399 1101 1454 oet
1113 1407 1172 1454 cor·

148 1498 204 1558 pus
224 1480 354 1558 Domini;
382 1488 415 1540 ut
435 1483 577 1542 Dominus
598 1499 634 1544 ex
655 1499 705 1542 ore
724 1484 839 1543 infantis
859 1482 1011 1559 perliceret
1027 1472 1172 1557 inicum)

151 1574 180 1627 ot
207 1567 364 1629 destrueret
388 1569 537 1646 perfidiam
557 1551 725 1646 multorum,
754 1571 804 1646 qui
825 1569 862 1629 de
883 1569 987 1630 eodem
1006 1571 1171 1629 secunaum

150 1655 226 1716 male
260 1659 398 1731 sentiunt,
431 1657 580 1732 inspiravit
614 1674 704 1734 puero
730 1663 764 1718 ut
784 1657 984 1733 responderet:
1021 1655 1112 1732 Quare
1128 1665 1171 1711 nro

58 1807 61 1820 ,
150 1742 237 1802 vultis
266 1741 417 1820 decipere?
460 1742 525 1802 Non
553 1750 597 1803 est
617 1761 721 1828 corpus
741 1742 858 1803 Domini
879 1743 959 1820 quod
979 1743 1050 1802 milri
1070 1737 1171 1801 offertis

149 1828 199 1888 Ad
220 1829 299 1906 quod
311 1831 432 1890 verbum
452 1827 586 1890 sacerdos
605 1821 758 1906 admirans,
779 1837 808 1890 et
827 1847 918 1906 puero
939 1829 1049 1906 aliquid
1068 1819 1169 1904 dirim')

148 1917 318 1994 inspiratum
338 1918 495 1992 arbitrans,
522 1933 633 1978 sacram
656 1920 682 1978 ai
711 1919 940 1978 communionem
960 1916 1068 1992 ιιιιιιιι,
1094 1928 1168 1990 quam

124 2002 195 2080 ille
224 2003 329 2064 devote
355 2007 424 2063 satis
451 2007 584 2080 suscepit.
626 2003 828 2065 NOVIOIUS:
857 2004 938 2068 Sicut
965 2003 1108 2064 considero
1125 2013 1169 2076 per

149 2087 321 2150 desiderium
349 2091 537 2150 eucharistiae
564 2098 682 2166 uterque
703 2094 822 2151 istorum
842 2094 947 2152 meruit
966 2092 1091 2168 spiritum
1109 2102 1168 2166 pro·

148 2177 273 2256 photiae.
314 2176 548 2239 MONACHUS:
569 2179 680 2238 Tantae
695 2181 807 2240 virtutis
821 2185 866 2238 est
880 2175 984 2258 illius‘)
1006 2175 1168 2246 eoeneum,

148 2271 181 2323 ut
204 2281 274 2431 pez)
275 2260 398 2346 ipsnm⁵)
418 2263 533 2341 quidam
550 2267 636 2346 etiam
648 2265 870 2326 revelationibus
885 2265 1066 2328 illustrentur.
1090 2258 1168 2324 Verbi

149 2368 236 2412 causa

491 2507 725 2571 CAPITULUM
747 2509 844 2572 XLV.

259 2627 308 2692 De
333 2646 473 2692 concam
495 2633 547 2706 qni
566 2650 622 2708 per
642 2630 816 2692 caucum
828 2612 1072 2692 'cannuensis'

434 2721 571 2794 spiritum
592 2721 701 2778 meruit
716 2719 901 2796 prophetiae.

213 2837 376 2902 Conversus
408 2839 524 2915 quidam
556 2839 593 2900 de
626 2839 736 2917 Campo
769 2845 886 2900 amotae
913 2837 1025 2898 Mariae
1056 2851 1116 2897 eum
1141 2831 1165 2889 in

148 2924 273 3000 quadam
299 2925 488 2986 sollemnitate
515 2932 626 3002 pateret
653 2944 673 2986 a
699 2929 836 3004 magistro
858 2943 911 2987 suo
932 2925 1075 2986 licentiam
1093 2915 1165 2982 surdi

146 3011 185 3072 ιιι
205 3015 409 3073 monasterium
429 3015 522 3090 gratia
543 3013 830 3089 communicandiet
801 3013 896 3074 stilla
917 3029 976 3073 non
999 3007 1165 3079 concederet,

47 3113 51 3119 ·
148 3101 250 3158 cuens
262 3101 431 3176 euntibus·
423 3117 485 3177 rpso
506 3102 592 3162 tristis
605 3103 750 3161 remansit
780 3100 918 3161 Habebat
939 3101 1015 3160 onim
1027 3098 1166 3158 maximum

148 3183 319 3244 desiderium
350 3187 586 3251 communicandi.
628 3187 739 3247 Eadem
767 3193 851 3248 nocte
876 3193 908 3246 'et
934 3188 1064 3262 sequenti
1089 3173 1166 3259 dial),

160 3273 244 3331 >mnia
263 3289 338 3348 quae
350 3275 425 3333 intra
441 3276 644 3334 monasterium
658 3275 839 3350 spiritualiter
859 3273 1028 3350 agebantur,
1048 3269 1166 3332 divinitus

160 3359 173 3416 i
195 3365 261 3417 sunt
281 3359 417 3418 revalata.
451 3360 490 3420 Et
510 3361 576 3422 licet
597 3363 702 3422 absens
723 3367 800 3421 esset
815 3377 943 3436 corpora,
964 3362 1064 3437 spiritu
1083 3365 1165 3417 amon

160 3461 281 3505 raesens
301 3444 366 3520 init,
388 3450 602 3508 communicans
624 3448 818 3524 spiritualiter,
839 3454 869 3507 et
889 3449 914 3507 si
935 3463 993 3506 non
1015 3457 1165 3506 sacramen·

156 3531 246 3592 aliter.
295 3532 430 3593 Reversis
461 3533 596 3594 iratribus
627 3538 689 3612 ipse
722 3537 762 3594 eis
794 3551 846 3610 per
873 3533 1004 3594 ordinem
1031 3529 1165 3600 indicarit,

161 3644 232 3720 130
255 3649 373 3702 hou-
340 3649 556 3719 -.,2)l'salii
579 3652 655 3704 3.-
674 3649 746 3718 3Jc
769 3650 928 3715 divinum,
950 3649 991 3702 ΒΡ
1014 3646 1164 3702 divinitus

211 3717 486 3840 -Ϋῦιιιιιιι-
500 3719 834 3789 5)librispiritum.·-
853 3719 1123 3790 onicenses.-
1094 3710 1164 3780 -7)

211 3787 254 3842 ΒΟ
295 3789 499 3858 recoquenti.
