2608 4252
140 219 181 286 to
424 224 673 296 ,sermono
695 205 869 286 suenrus

139 349 229 424 Virgo
258 363 343 423 super
372 346 460 408 altare
483 355 567 408 stans
596 347 636 407 illi
663 348 809 423 apperuit,
834 353 871 406 at
900 361 1005 422 panem
1026 344 1188 422 parvulnm

138 437 204 496 nive
221 433 412 495 candidiorem
433 442 644 509 manutenens,
666 442 698 494 nt
711 452 744 494 os
758 436 880 511 aperiret
893 435 1049 509 praecepit
1083 431 1190 508 Quem

95 559 104 580 κ
140 539 206 582 cum
234 523 275 580 ori
304 524 363 580 eius
385 524 561 599 immisisset,
591 527 700 581 tantam
723 539 759 581 ex
781 539 815 581 eo
833 517 849 601 ¹)
871 522 960 580 sensit
982 519 1186 593 dnlcedinem,

138 615 172 668 nt
183 625 266 668 omne
280 608 337 668 mel
351 614 380 668 et
393 609 491 668 favum
513 615 669 683 superaret
701 608 846 668 Juvanem
867 607 944 666 hunc
966 605 1096 668 dominns
1110 605 1186 666 Da-

140 695 197 754 niel
217 695 320 755 Abbas
341 695 502 754 Sconaviae
514 692 534 775 ²)
557 697 630 754 bene
652 697 741 770 novit,
763 697 813 770 qui
833 695 903 754 milri
924 699 954 752 et
974 695 1067 769 ipsam
1087 695 1185 752 visio-

139 799 205 842 nem
232 784 370 842 recitavit.
414 782 466 842 Vis
495 799 570 841 nnnc
599 785 687 856 seue,
720 784 787 857 quia
807 783 930 840 nominis
952 781 1013 839 aius
1034 781 1183 840 invocatio

140 872 226 929 etiam
248 871 418 928 tentationes
433 867 618 944 compescat?
658 867 864 946 -NOVIOIU82
885 867 951 927 Hoc
973 869 1047 928 scire
1060 881 1183 927 necesse

141 961 193 1032 est,
214 959 281 1031 quia
302 958 474 1016 tentationes
495 973 548 1015 nos
565 957 726 1030 frequenter
748 956 909 1016 molestant
942 951 1182 1014 MONACHUS:

139 1043 244 1102 Dicam
270 1044 321 1104 tibi
350 1041 428 1118 quod
457 1042 554 1100 audivi
582 1043 618 1106 ab
641 1042 758 1103 Abbate
785 1048 899 1116 nostro,
928 1046 957 1100 et
983 1043 1045 1116 ipsa
1067 1057 1099 1100 ae
1120 1039 1178 1100 hoc

141 1121 272 1190 didicisse
294 1131 389 1189 veraci
411 1129 548 1220 relatione
570 1135 700 1189 testatur.
887 1163 898 1193 s

457 1271 690 1381 CAPITULUM
714 1320 851 1380 XXXII.

141 1443 191 1502 De
209 1443 299 1500 milita
323 1447 446 1518 propter
468 1441 792 1502 coarctationem
816 1447 941 1515 tentato,
964 1459 1052 1516 quem
1073 1448 1181 1502 scema

409 1529 512 1588 Morio
529 1547 586 1604 pec
608 1531 741 1588 osculum
763 1529 908 1588 liberavit.

172 1725 174 1728 Ι
205 1648 290 1709 Miles
312 1649 428 1726 quidam
449 1657 543 1710 aetate
558 1649 733 1725 adolescens,
756 1668 821 1709 oum
843 1649 968 1726 quodam
984 1648 1073 1708 milite
1088 1647 1180 1708 divite

141 1735 254 1796 domino
270 1754 322 1796 suo
344 1756 363 1796 a
384 1754 441 1813 quo
456 1737 641 1797 beneficiatus
656 1745 725 1811 erat,
746 1737 904 1796 habitabat.
935 1736 974 1794 Et
994 1735 1062 1796 licet
1082 1741 1182 1796 aetate

140 1823 261 1899 floreret,
282 1824 404 1898 amplius
425 1830 520 1884 tamen
543 1825 664 1884 florebat
689 1827 794 1884 virtute
815 1826 985 1900 virginitatis
993 1819 1024 1904 ³).
1065 1822 1184 1884 Invidia

141 1917 276 1986 operante
299 1910 419 1985 diaboli,
444 1913 482 1970 ab
504 1928 591 1970 uxore
614 1911 720 1970 domini
742 1914 786 1969 sui
806 1913 973 1988 gravissime
996 1912 1091 1985 eoepit
1113 1915 1182 1968 ten·

140 1999 203 2056 tari.
247 1998 304 2073 Qui
325 2015 391 2056 oum
411 2015 463 2072 per
483 2015 589 2056 annum
612 1998 713 2058 eadem
730 2000 904 2058 incessanter
916 1999 1073 2064 tentatione
1093 1996 1183 2056 labo·
1294 2026 1295 2029 ¹

141 2091 231 2159 rarat,
260 2086 374 2160 iamque
396 2087 422 2144 ei
442 2085 625 2144 intolerabilis
647 2092 735 2159 esset,
749 2076 893 2144 'submota
914 2082 1102 2158 verecundia,
1124 2083 1182 2144 do-

141 2173 235 2230 minae
258 2188 327 2230 snae
350 2170 418 2246 quid
438 2177 582 2247 pateretur
604 2175 722 2247 aperuit.
765 2171 794 2230 A
816 2189 874 2247 qna
895 2171 1041 2247 repulsam
1060 2187 1183 2246 passus,

141 2344 241 2404 fidelis.
284 2344 410 2404 Veniens
439 2344 477 2404 ad
505 2347 647 2421 quendam
676 2345 857 2420 heremitam,
887 2345 922 2412 de
952 2347 1032 2404 onius
1060 2343 1182 2406 oonsilio

141 2437 219 2492 totus
247 2431 407 2506 pendebat,
435 2435 598 2507 passionem
627 2450 709 2492 suam
737 2431 777 2490 illi
801 2449 866 2492 oum
888 2432 1011 2492 lacrimis
1033 2431 1183 2492 confessus

141 2524 193 2578 est.
238 2517 290 2576 dni
319 2519 362 2577 vir
390 2525 506 2576 sanctus
536 2519 704 2578 fiducialiter
731 2519 890 2593 respondit:
921 2515 981 2596 0⁵)
1011 2517 1081 2578 nihil
1102 2517 1183 2577 aliud

141 2611 227 2664 nocet
247 2603 321 2663 tibi?
364 2605 427 2682 Ego
455 2606 506 2663 tibi
528 2606 603 2665 dabo
627 2601 821 2685 consilium⁶),
850 2612 883 2676 ut
905 2605 1077 2664 desiderium
1097 2611 1182 2665 tuum

142 2697 332 2768 consequatur
361 2692 500 2750 effectum.
543 2693 600 2752 Per
628 2711 734 2752 annum
761 2695 847 2754 istum
878 2692 996 2768 singulis
1017 2691 1121 2752 diebus
1157 2695 1183 2752 si

141 2779 201 2838 ficri
232 2785 328 2856 potest
367 2781 395 2838 in
424 2779 545 2838 ecclesia
573 2779 728 2838 Dominam
765 2786 892 2838 nostram
919 2778 977 2838 Dei
1005 2777 1183 2838 Genitricem

141 2865 287 2942 Virginem
300 2864 320 2945 ⁷)
348 2866 470 2925 Mariam
493 2869 599 2925 centies
621 2883 686 2925 cnm
708 2865 826 2926 totidem
848 2869 938 2925 veniis
959 2865 1090 2942 angelico
1112 2883 1182 2924 ver-

141 2952 234 3011 siculo
260 2952 413 3028 salutabis,
446 2960 475 3011 et
503 2952 638 3029 quicquid
665 2953 804 3028 volueris,
835 2952 985 3028 perillam
1006 2953 1183 3028 impetrabis.

141 3038 257 3098 Sciebat
284 3042 360 3097 enim
388 3039 465 3115 quod
497 3043 635 3100 eastitatis
662 3043 782 3099 amatrix
809 3043 944 3100 invenem
972 3045 1086 3102 castum
1113 3038 1183 3100 licet

141 3127 170 3183 in
192 3142 285 3184 errore
305 3129 445 3202 positum,
473 3143 531 3186 uon
560 3128 709 3186 desereret.
753 3126 882 3202 Cumque
902 3129 1013 3187 iuvenis
1034 3129 1064 3186 in
1090 3125 1183 3186 multa

141 3213 321 3288 simplicitate
336 3212 477 3275 Dominae
499 3221 612 3273 nostrae
629 3217 786 3272 iniunctum
804 3215 974 3290 obsequium
994 3213 1183 3288 impenderat,

142 3299 188 3360 die
211 3298 335 3375 quadam
357 3298 460 3358 sedens
481 3304 510 3359 in
532 3319 632 3361 mensa
654 3301 760 3360 domini
781 3303 824 3360 sni
845 3301 1012 3360 recordatus
1033 3307 1092 3374 est,
1114 3301 1183 3376 quia

142 3386 203 3446 dies
226 3385 333 3470 eadem
362 3389 497 3446 terminus
526 3395 602 3448 esset
629 3391 704 3446 anni.
746 3387 784 3446 lit
812 3390 908 3448 statim
933 3404 1053 3464 surgens
1075 3404 1182 3462 equum

161 3589 190 3656 1)
209 3585 229 3639 G
247 3587 276 3638 in
295 3603 339 3639 eo.
360 3617 389 3626 -
410 3588 441 3656 2)
460 3588 599 3652 Soonavia,
616 3589 777 3652 Schbnau,
802 3588 901 3640 abbatia
919 3588 1046 3640 nioecests
1064 3589 1182 3640 Worrna-

210 3658 316 3722 aiensis,
339 3673 420 3725 prope
444 3657 530 3710 urbem
554 3659 712 3730 lleidelberg.
744 3659 815 3711 Coni.
833 3659 858 3720 l·,
876 3660 919 3710 to.
942 3675 968 3726 p.
987 3659 1029 3711 50.
1053 3687 1085 3698 —
1111 3656 1182 3724 3)ss

210 3729 387 3780 castitatis.
424 3727 495 3780 Conl.
513 3729 565 3792 Vll,
585 3729 624 3780 16.
644 3730 685 3782 54.
702 3759 735 3770 -
748 3730 781 3797 l)
799 3729 818 3780 o
836 3731 961 3782 marito.
979 3757 1009 3768 -
1023 3727 1056 3794 5)
1073 3726 1094 3780 C
1111 3742 1128 3780 o
1147 3728 1181 3778 si.

212 3829 243 3840 -
263 3799 295 3867 6]
313 3797 333 3852 G
349 3797 466 3851 bonurn
484 3799 667 3851 eonsilium.
688 3831 718 3839 -
737 3801 770 3868 7)
788 3799 951 3868 Virginem
971 3797 1021 3850 add
1039 3797 1067 3849 B.

23 2247 26 2266 ¹
141 2258 263 2333 amplius
284 2258 471 2334 affligebatur.
515 2259 601 2318 Casta
623 2262 697 2318 enim
721 2265 781 2318 eret
802 2265 941 2333 matrona,
962 2264 991 2318 et
1011 2254 1104 2337 viret)
1126 2273 1182 2318 suo
1297 2282 1298 2343 3
