2608 4252
427 269 482 332 DE
503 268 660 332 SANGTA
680 268 821 330 MARIA.
1103 272 1141 330 17

101 393 137 454 de
159 409 308 454 converso
338 408 424 468 quem
446 391 576 452 diabolus
603 391 746 468 impudice
768 390 969 467 dormientem,
996 393 1026 451 in
1052 391 1145 452 forma

101 479 236 540 monishs
265 478 502 555 deosculabatur,
534 482 583 554 qui
613 495 681 538 mox
712 478 885 553 infirmatus,
915 479 988 540 inira
1018 478 1143 538 triduum

103 575 235 628 mortuas
276 571 329 626 est
381 564 561 626 Dormientcs
598 569 673 625 enim
706 572 735 625 et
772 582 893 642 peceare
924 582 1077 641 possumus
1115 572 1144 624 et

104 656 215 716 mereri.
261 651 345 730 Quae
372 655 448 712 enim
467 653 611 730 vigilando
634 655 808 729 cogitamus,
840 655 901 712 sive
923 652 960 712 ad
982 669 1056 728 quae
1078 668 1144 712 mo-

105 759 221 816 vemur,
250 743 313 800 eive
341 740 419 800 bona
445 742 501 799 sint
529 743 590 800 eive
617 739 708 814 mala,
737 737 838 799 eadem
865 739 949 799 nobis
978 755 1064 814 saepe
1092 755 1144 817 per

104 829 219 889 somnia
241 833 400 888 occuram.
441 827 522 886 Sicut
542 829 571 885 in
593 826 716 886 cathena
737 843 803 886 eum
823 826 944 885 trahitur
965 832 994 888 et
1015 827 1144 902 iactatur,

104 915 206 994 pulsus
240 913 355 989 pulsum
384 913 516 989 impellit,
546 915 587 972 ita
607 916 637 972 in
659 912 815 974 dormiente
836 912 1011 989 praecedens
1033 913 1143 988 eogita-

104 1005 161 1077 tio,
190 1007 288 1060 motus
315 1002 376 1060 sive
404 1017 558 1060 consensus
587 1017 660 1076 opus
688 1001 796 1060 bonnm
823 999 872 1060 rel
898 1000 1007 1060 malum
1026 999 1145 1060 inducit

104 1087 309 1150 NOVICIUS:
329 1087 430 1148 Placet
449 1086 527 1165 quod
549 1087 628 1148 dicis.
669 1086 799 1148 Procede
820 1104 896 1148 nunc
917 1087 954 1150 da
970 1086 1144 1148 consolatio·

105 1178 191 1236 oibus
215 1178 364 1236 iustorum.

463 1329 696 1392 caeremon
717 1331 789 1392 xv.
885 1401 895 1408 ,

125 1453 177 1512 De
197 1469 233 1513 eo
254 1453 336 1529 qrwd
356 1452 442 1514 beato
472 1439 561 1530 Virgo
582 1453 686 1512 Morio
706 1471 775 1512 cum
796 1457 901 1512 rmum
917 1449 1073 1510 Elisabeth
1094 1454 1123 1510 ct

218 1537 322 1598 Mario
342 1540 526 1616 Magdolena
544 1541 697 1616 proedicto
722 1555 862 1598 oenomao
884 1540 1034 1613 apparuit

171 1676 406 1740 MONACHUS:
435 1677 637 1754 supradictum
665 1694 835 1738 conversum
856 1676 1014 1738 Hearicum
1032 1671 1049 1756 ¹)
1078 1692 1144 1736 mo·

105 1763 218 1826 anchus
246 1765 363 1841 qnidam
391 1767 467 1826 vitae
494 1764 661 1839 laudabilis,
693 1766 773 1824 cuius
801 1781 907 1824 nomen
938 1763 1059 1842 prodere
1086 1779 1145 1822 non

104 1851 187 1926 licet,
209 1851 340 1912 obnixius
361 1854 488 1930 rogavit,
509 1857 542 1910 ut
562 1852 678 1911 beatem
699 1851 755 1910 Dei
777 1850 951 1911 Genitricem
971 1867 1024 1926 pro
1046 1866 1077 1910 se
1097 1850 1144 1908 in-

106 1937 278 2016 terpellaret,
293 1957 358 2000 cum
372 1939 409 1998 ab
421 1938 470 1998 illa
484 1940 653 1998 visitaretur.
681 1937 766 2014 Quod
780 1955 845 1996 cum
858 1939 1042 2013 promisisset,
1055 1941 1085 1996 et
1099 1936 1144 1996 die

106 2025 234 2102 quadam
249 2023 323 2085 dicto
343 2025 525 2101 completorio
546 2027 575 2082 in
597 2027 720 2084 oratorio
741 2026 885 2102 grangiae,
907 2027 987 2086 cuius
1009 2025 1145 2100 magister

106 2117 177 2188 erat,
197 2130 250 2188 pro
271 2113 333 2190 ipso
354 2129 453 2188 preces
473 2111 611 2186 funderet,
631 2116 824 2187 apparuerunt
838 2114 930 2170 oranti
950 2117 1009 2172 tres
1030 2117 1142 2170 matro-

105 2216 163 2260 nae
184 2202 274 2258 mirae
295 2197 518 2276 pulchritudinis.
560 2197 610 2258 Ad
631 2217 751 2274 quarum
770 2198 902 2257 decorem
924 2196 992 2257 dum
1009 2202 1145 2274 stuperet,

105 2293 137 2347 et
158 2303 301 2363 quaenam
322 2293 418 2346 essent
437 2286 486 2346 vel
505 2285 583 2345 unde
604 2287 742 2361 venirent,
762 2288 837 2345 intra
856 2301 888 2344 se
909 2287 1067 2360 miraretur,
1087 2301 1146 2344 una

105 2390 143 2434 ex
164 2375 207 2434 eis
221 2373 439 2450 cogitationibus
454 2376 513 2432 eius
526 2370 547 2454 ²)
568 2372 730 2450 respondit:
752 2372 815 2450 Ego
830 2389 895 2432 sum
909 2371 1004 2432 Maria
1018 2370 1145 2447 Magda-

104 2459 187 2538 lcna3
209 2459 282 2522 haec
304 2467 347 2520 est
371 2460 538 2520 universalis
558 2458 684 2519 Domina
703 2459 761 2520 Dei
783 2457 913 2522 Genitrix
932 2459 1022 2534 Virgo
1043 2456 1146 2533 Maria,

104 2547 195 2624 digito
217 2564 283 2608 eam
297 2547 509 2622 demonstraus;
530 2549 615 2606 tertia
635 2543 734 2626 vero³)
748 2545 908 2606 Elisabeth.
950 2545 988 2606 Et
1002 2543 1145 2604 adiunxit:

103 2633 152 2692 'Pu
167 2650 232 2694 oras
246 2650 298 2709 pro
312 2631 454 2694 monacho
469 2633 528 2706 illo,
548 2651 653 2694 nomen
668 2636 728 2693 eius
743 2636 912 2709 exprimens,
932 2634 1025 2710 magis
1039 2626 1144 2709 enim)

4 2775 6 2794 ,
102 2719 216 2798 indiges
238 2726 270 2778 ut
283 2722 345 2796 ipse
363 2727 424 2780 oret
436 2738 488 2797 pro
510 2727 548 2780 te.
583 2719 688 2796 Sicque
710 2720 917 2796 disparuerunt
952 2718 1046 2794 Super
1067 2719 1145 2776 eius·

103 2806 172 2870 dem
193 2807 329 2866 monaehi
349 2814 449 2884 capnt,
482 2825 549 2868 cum
569 2806 664 2866 adbuc
693 2815 770 2867 esset
789 2805 937 2868 Diaconos
959 2810 988 2865 et
1008 2804 1146 2880 Evange-

102 2893 175 2954 linm
208 2893 317 2972 legeret
346 2893 385 2955 ad
416 2897 549 2970 mnsam,
586 2893 663 2953 idem
695 2911 850 2954 conversus
881 2891 1043 2952 columbam
1074 2889 1146 2950 vidit

102 2979 341 3060 descendentem,
370 2987 399 3044 et
418 2999 510 3060 usque
531 2979 569 3042 ad
589 2981 676 3042 finem
696 2981 826 3042 lectionis
846 2979 953 3042 ibidem
973 2983 1144 3042 amenum

443 3173 676 3236 CAPITULUM
700 3171 827 3256 ΧΨ)

205 3296 274 3356 Vita
296 3295 410 3356 demini
433 3295 592 3357 mentione·
612 3297 750 3358 monaehi
771 3297 807 3356 de
827 3297 1051 3358 Hernmenrode.

167 3435 205 3496 In
226 3435 329 3496 eodem
350 3435 481 3498 Claustra
502 3437 661 3498 monachus
683 3435 800 3513 qnidam
822 3438 928 3498 exstitit
939 3433 976 3516 ⁵),
997 3435 1143 3513 praedicto

103 3521 232 3586 Hearioo
255 3539 392 3584 converso
415 3530 686 3600 contemporaneus,
709 3527 825 3598 nomine
841 3531 876 3584 et
896 3539 983 3599 opere
1005 3524 1143 3584 Christia-

102 3627 167 3670 nus.
208 3609 301 3670 Istum
322 3609 417 3671 multis
438 3611 531 3672 modis
550 3609 676 3671 Domina
697 3618 795 3672 nostra
827 3610 967 3670 consolari
987 3610 1143 3684 consuevit,

122 3778 153 3848 1)
169 3776 214 3832 ΑΟ
236 3777 405 3832 llenricnm
426 3793 627 3830 conversum.
646 3805 678 3818 ·-
702 3777 735 3844 2)
760 3776 781 3828 l)
808 3775 886 3827 sair.
904 3801 936 3814 -
964 3774 997 3840 ³)
1019 3773 1041 3823 l)
1064 3784 1142 3824 vero

174 3855 230 3900 eat
248 3875 281 3888 -
299 3848 332 3916 4)
348 3846 370 3902 ll
387 3855 500 3902 autem.
519 3877 551 3890 -
569 3847 603 3916 *J
620 3844 711 3900 llomil.
728 3845 749 3898 1.
766 3861 791 3913 p.
810 3845 853 3898 66.
870 3869 903 3880 ·-
921 3841 953 3908 5)
970 3840 1011 3894 GP
1028 3839 1097 3892 luit.
