2512 4254
378 257 433 317 DE
453 255 611 318 SANO‘I'A
626 255 769 318 itania
1050 261 1088 318 79

72 379 157 439 dicire
185 387 387 440 contemnatur.
439 379 504 439 Non
536 379 618 439 aliter
648 379 743 440 audeo
775 379 901 438 dillinire.
954 379 1090 474 Legimus

73 468 139 526 ιιιιιιι
157 468 183 526 in
197 467 402 544 Vitaspatrum,
423 466 536 526 cuidam
548 465 652 526 latroni
672 482 818 541 converso,
839 468 953 541 pietatis
974 453 1089 546 opera¹)

72 570 138 628 quae
150 555 176 613 in
189 553 335 614 munninio
361 556 420 630 egit
439 555 568 612 recitanti
576 550 606 633 ²)
627 560 758 614 sanetum
779 552 959 629 respondisse
980 555 1089 612 Palnu·

71 641 147 700 dnm.
166 642 316 717 Nunquam
332 639 441 716 aliquid
461 639 518 700 tale
541 642 595 717 egi,
615 640 646 700 id
668 646 711 700 est
732 648 793 700 tam
814 658 959 716 magnum,
979 644 1009 700 in
1029 643 1089 700 vita

71 724 166 808 mm').
204 727 407 788 NOVICIUS:
434 727 561 786 Historia
586 727 659 788 baec
687 734 747 786 tam
774 727 911 786 mirabilis
931 727 1017 796 valde
1038 743 1089 788 ao·

71 813 179 874 candere
200 813 285 875 debet
302 816 497 891 peccatores·
489 833 518 872 m
534 807 690 894 amorem⁴)
713 821 829 874 sanctae
850 814 907 874 Dei
930 813 1089 874 Geniuicis

69 899 287 962 MONACHUS:
309 901 414 960 Adhuc
438 919 528 960 unum
550 908 680 1004 superest
701 902 866 977 capitulum,
888 901 967 976 quod
989 917 1089 962 omnes

70 987 163 1048 ordinis
195 991 285 1048 nostri
312 989 486 1067 professores
514 990 605 1064 magis
635 989 782 1063 omnibus,
814 1006 888 1065 quae
917 987 1011 1048 adhuc
1033 1005 1088 1047 au·

69 1072 140 1148 disti,
171 1077 200 1133 in
237 1075 312 1135 illius
341 1091 469 1136 amorem
504 1074 653 1134 accendat
706 1075 827 1151 Propter
849 1076 927 1151 quod
947 1077 1089 1151 praesenti

69 1159 226 1222 distinctioni
252 1179 305 1238 pro
328 1161 509 1222 conclusione
530 1161 600 1220 illud
621 1164 780 1237 reservavi,
802 1166 870 1238 quia
891 1163 968 1238 quod
989 1163 1088 1221 novis·

69 1249 135 1308 almo
154 1248 215 1310 loco
237 1250 345 1324 dicum,
367 1249 521 1308 memoriae
542 1249 643 1310 fortius
663 1250 837 1324 imprimitur.

390 1403 624 1466 CAPITULUM
652 1405 733 1464 LIX.

102 1525 146 1586 De
163 1527 314 1600 morraebo,
335 1529 387 1604 put·
408 1528 541 1588 ordiarem
562 1527 778 1588 Oisterciavaem
798 1528 853 1588 sub
875 1529 1047 1604 sicopolim

363 1615 489 1682 biclinio
510 1632 602 1691 capno
625 1615 781 1675 coelorum.

124 1729 278 1793 Monachus
307 1735 422 1810 quidam
453 1735 558 1795 ordinis
584 1739 674 1796 nostri
697 1737 854 1796 Dominam
874 1742 1000 1794 nostram
1021 1735 1088 1809 plu-

69 1819 159 1878 rimum
179 1820 314 1898 diligens,
334 1829 401 1882 aute
422 1840 531 1898 paucos
552 1841 643 1884 annos
664 1831 759 1884 mente
781 1823 936 1898 excedens,
958 1822 996 1881 ad
1017 1838 1089 1881 cou-

69 1906 267 1982 templationem
283 1909 390 1984 gloriae
413 1910 543 1969 coelestis
556 1911 696 1970 deductus
707 1917 758 1970 est.
801 1910 859 1969 Ubi
882 1909 949 1967 dum
961 1909 1088 1968 diversos

68 1989 200 2054 Ecclesiae
220 1995 420 2071 triumphantis
449 1997 561 2056 ordines
590 1999 714 2074 videret,
742 1997 919 2074 Angelorum
940 1995 1087 2069 videlicet,

68 2075 291 2157 Patriarchamm,
311 2083 528 2159 Prophetarum,
550 2083 763 2160 Apostolorum,
785 2085 952 2160 Martyrum,
968 2082 1087 2142 Confes-

69 2177 210 2244 summat
231 2169 348 2230 eosdem
376 2173 459 2230 certis
482 2173 673 2231 caracteribus
694 2171 851 2246 distinctos,
872 2171 901 2229 id
924 2177 967 2230 est
987 2172 1017 2228 in
1029 2168 1087 2228 Oa·

69 2255 183 2330 nonicos,
201 2253 398 2337 Regulares⁵),
418 2257 724 2333 Praemonstratenses,
746 2262 807 2318 sive
819 2258 1029 2330 Cluniacenses,
1052 2256 1087 2314 de

68 2353 113 2398 suo
139 2343 234 2404 ordino
254 2344 406 2420 sollicitus,
439 2363 505 2404 cum
526 2351 615 2405 staret
636 2353 664 2405 et
686 2347 925 2420 circumspiceret,
957 2361 1011 2403 nec
1032 2342 1087 2402 ali-

68 2441 144 2499 quam
170 2430 205 2490 ds
230 2430 279 2490 illo
307 2448 460 2508 personam
487 2435 517 2490 in
544 2431 593 2491 illa
621 2432 712 2508 gloria
732 2436 881 2508 reperiret,
913 2431 950 2490 ad
971 2432 1088 2491 beatam
1185 2507 1187 2514 Α

67 2509 116 2572 Dei
135 2515 304 2578 Geniuicem
325 2535 391 2578 cum
406 2522 520 2595 gemitu
540 2521 703 2596 respiciens,
725 2522 779 2580 ait:
804 2519 879 2595 Quid
901 2525 945 2579 est
965 2519 1087 2578 sanctis-

67 2600 271 2680 simaDomina,
292 2605 370 2681 quod
386 2605 423 2664 de
436 2606 533 2666 ordine
551 2605 729 2666 cisterciensi
749 2609 892 2666 neminem
912 2607 959 2666 bie
981 2603 1087 2663 video?

68 2683 151 2760 ersre
170 2692 266 2752 famuli
287 2695 329 2750 tui
350 2691 401 2752 tibi
422 2698 483 2752 tam
505 2694 608 2753 devote
630 2696 794 2769 servientes,
816 2711 834 2752 a
856 2695 997 2766 consortio
1020 2698 1087 2748 tan-

68 2777 106 2832 tae
135 2777 314 2838 beatitudinis
343 2779 551 2838 excluduntur?
583 2779 692 2840 Videns
715 2798 781 2840 eum
810 2781 955 2838 turbatum
976 2777 1088 2853 Regina

68 2861 136 2939 coeli,
155 2865 316 2942 respondit:
337 2865 383 2924 Ita
404 2865 473 2924 mihi
494 2866 589 2926 dilecti
611 2884 645 2926 ac
667 2866 819 2927 familiares
842 2871 908 2924 sunt
929 2865 958 2922 hi
981 2866 1029 2939 qui
1052 2863 1087 2922 de

68 2947 151 3011 ordine
172 2951 350 3012 cisterciensi
371 2959 446 3027 sunt,
467 2961 499 3012 ut
521 2969 571 3014 eos
593 2957 679 3013 etiam
700 2955 753 3013 sub
777 2953 850 3012 ulnis
872 2954 942 3011 meis
963 2951 1087 3012 foveam.

67 3029 248 3116 Aponianaque
269 3038 389 3116 pallium
410 3057 494 3100 suum
516 3057 573 3116 quo
595 3043 699 3100 amicta
720 3040 879 3114 videbatur,
901 3039 978 3115 quod
999 3041 1087 3098 mbae

67 3129 117 3182 ent
147 3125 319 3201 latitudinis,
353 3127 587 3187 innumerabilem
627 3127 837 3186 multitudinem
869 3126 1087 3202 monachorum,

67 3208 293 3292 conversomm⁶),
315 3215 571 3273 sanctimonialium
592 3213 633 3272 illi
654 3214 786 3274 ostendit.
832 3213 888 3288 Qui
899 3216 983 3272 nimis
1005 3212 1087 3274 exul-

67 3301 119 3356 tans
131 3307 158 3359 ιι
169 3303 275 3376 gratias
289 3302 421 3376 referens,
442 3302 595 3377 adcorpus
615 3301 707 3376 rediit,
729 3308 758 3360 et
780 3301 848 3376 quid
871 3301 981 3376 viderit,
1002 3299 1087 3376 quid-

82 3414 139 3480 bc
155 3418 309 3486 quendam
328 3418 486 3471 latronem
504 3433 697 3470 conversum
715 3433 812 3486 opera
831 3419 979 3486 pietatis.
1005 3447 1035 3457 -
1055 3419 1087 3485 2)

122 3486 185 3540 ΑΒΒ
208 3503 431 3551 enumerasse,
455 3488 476 3542 C
499 3503 709 3540 enumerasse
734 3498 774 3540 ιι.
794 3519 822 3529 -
844 3489 876 3555 3)
900 3489 960 3540 Viti.
983 3486 1049 3538 Patr.
1067 3488 1087 3540 i.

123 3570 147 3621 ιι.
165 3557 239 3610 1170.
258 3573 313 3625 cap
332 3559 423 3610 63.-
442 3557 476 3640 ι)
493 3558 556 3610 ΑΒΡ
574 3573 742 3610 amore.-
761 3559 793 3625 5)
811 3567 912 3610 secutus
936 3574 990 3610 sum
1015 3555 1088 3608 codi-

124 3627 225 3690 cemA3
243 3627 344 3678 namin
372 3629 461 3678 ceteris
485 3627 555 3680 libris
581 3627 673 3691 verba,
697 3628 878 3684 canonicos
901 3625 1087 3696 regulares,

125 3696 249 3748 mniuncta
273 3696 398 3765 leguntur.
421 3696 511 3748 llomil.
536 3697 577 3750 lll.
601 3714 626 3763 p.
651 3666 695 3748 2'4:
726 3697 956 3769 ,cluniacensium
979 3694 1087 3748 curruu-

126 3764 252 3828 rimrium,
269 3766 562 3830 Praemonatmtensinm,
579 3737 740 3822 clericorum
749 3767 916 3834 regularium,
934 3768 987 3816 sivo
1003 3764 1088 3818 Gano-

126 3829 308 3888 nicordm“-
326 3835 367 3926 6)
376 3836 401 3890 Β
414 3835 463 3889 ιιι
481 3839 688 3892 noviciorum
706 3845 745 3890 et
764 3836 837 3890 (loni.
854 3833 918 3898 vui,
935 3835 978 3888 45.
