2506 4254
328 295 384 356 DE
406 293 589 356 CORPORE
612 293 779 356 CHRISTI.
1025 296 1085 358 183

60 417 122 478 dens
148 433 208 478 non
236 420 392 494 aquamin
412 417 556 493 cratlrera,
589 416 640 477 sed
661 433 765 494 purum
784 417 954 493 sanguinem
974 420 1089 494 reperit.
1160 445 1165 454 ν

59 505 117 580 Quo
144 505 247 579 allato,
275 522 327 582 pro
354 504 505 566 sacerdote
533 506 651 564 missurn
679 509 737 578 eat,
766 520 863 580 rouo
885 505 914 562 iu
937 503 1090 566 eeclesiam

60 591 226 668 deportatus,
247 595 321 652 inter
333 592 466 668 rellrprias
480 594 590 667 positus
612 597 664 650 est.
684 589 887 650 NOVICIUS:
909 589 986 666 Quid
999 593 1088 652 sentis

60 679 91 739 de
117 681 253 755 sanguine
280 677 360 738 isto?
403 678 637 738 MONAGHUS:
667 678 733 738 Non
761 677 847 737 credo
874 677 962 736 fuisse
984 677 1088 738 Christi

59 769 233 842 sauguinem,
263 769 330 842 quie
357 783 435 842 aque
462 768 492 824 in
512 765 595 824 illum,
612 767 727 824 minime
748 767 882 839 uertitur,
913 779 968 824 nec
988 766 1088 824 uiuum

60 853 168 928 quidem
187 853 299 929 absque
321 852 418 914 debite
439 852 595 912 sacerdotis
616 852 822 912 benedictione.
853 850 935 910 Deus
956 868 1026 912 vero
1048 851 1087 912 ob

60 938 233 1000 deroucnem
260 939 383 999 hominis
410 939 583 1000 clementum
603 941 740 1014 mutarit,
774 944 806 998 ut
827 937 990 998 ostenderet
1008 935 1088 1014 quod

60 1026 174 1086 amdam
194 1029 362 1104 sanguinem
376 1029 462 1103 quem
476 1026 609 1086 sacerdos
631 1027 757 1102 quotidie
778 1027 864 1086 sumit
884 1027 914 1084 irr
936 1024 1058 1086 ecclesia
1068 1021 1087 1105 ¹)

60 1113 306 1191 sacramentaliter,
333 1113 426 1174 tidelis
453 1116 574 1190 quisque
601 1115 631 1172 irr
659 1115 736 1174 omni
763 1112 827 1174 loco
856 1114 948 1191 possit
974 1127 1092 1186 sumere

392 1387 750 1452 CAPITULUerXV.

91 1511 137 1574 De
154 1511 244 1574 mcor
262 1509 377 1590 dorosa
398 1517 446 1574 sui
465 1515 572 1574 ellim
586 1513 699 1573 ablutio
715 1531 773 1590 per
788 1509 901 1590 portem
920 1518 1056 1588 suscepta
1087 1523 1089 1532 ¹

340 1618 480 1661 oenomao
502 1607 544 1675 set
564 1604 801 1686 iolsonpuiaem.

123 1719 267 1798 Quaedam
289 1723 393 1782 nubilis
412 1722 518 1783 ferrrirra
540 1721 575 1782 de
596 1717 805 1801 monentem),
826 1723 901 1781 siout
922 1738 940 1781 a
961 1719 1087 1796 quodam

65 1805 157 1868 edocte
174 1810 276 1884 iuerat,
295 1813 408 1870 tertiam
422 1810 598 1870 ablutionem
621 1825 656 1868 ex
678 1809 770 1886 digitis
784 1808 942 1870 sacerdotis
962 1809 1088 1884 inpane

65 1897 169 1971 recepit,
189 1897 308 1956 credens
329 1897 353 1956 sl
376 1897 496 1956 eandem
517 1913 569 1972 per
583 1900 711 1971 quatuor⁴
725 1901 827 1973 parces,
842 1897 904 1973 agri
924 1897 969 1955 sni
983 1911 1087 1956 recen·

67 1979 145 2058 deret,
164 1983 240 2058 qnod
261 1983 341 2043 rrrrlla
361 1987 435 2044 aeris
455 1985 635 2060 intemperies
656 1982 703 2042 rel
723 1982 833 2060 mando
854 1988 969 2059 segetes
988 1981 1088 2042 laede·

66 2069 112 2126 rec
148 2069 257 2130 Panem
284 2073 397 2130 interim
424 2072 454 2129 in
481 2072 582 2131 scrinio
612 2087 665 2130 suo
686 2084 841 2146 reponens,
869 2069 939 2130 dum
959 2075 1088 2144 tempore

66 2161 193 2231 oportuno
208 2157 373 2232 accederet,
394 2165 533 2233 quatenus
556 2175 622 2216 eum
642 2170 694 2233 per
714 2175 815 2234 agrum
835 2173 927 2216 soum
940 2155 1088 2232 diuideret,

66 2241 271 2320 maunguinem
291 2245 443 2321 coagulum
451 2242 473 2324 ³)
495 2261 561 2303 eum
581 2243 654 2302 vidit
667 2261 845 2304 conversum.
876 2243 989 2304 Territa
1006 2243 1090 2302 nimis

66 2331 156 2390 marito
183 2349 250 2391 eum
278 2333 402 2391 ostendit
428 2338 531 2406 etqoe'
547 2330 697 2390 secerdoti.
738 2331 796 2390 Pro
818 2347 877 2407 qua
897 2346 928 2390 re
950 2345 1090 2390 ornnesa

66 2411 198 2476 Prioribus
220 2417 437 2478 Coloniensibus
458 2420 553 2492 eitati,
574 2418 708 2494 sacerdos
729 2420 798 2477 set'm
819 2419 934 2494 punitus
954 2424 1013 2491 est,
1034 2416 1089 2476 illis

67 2501 109 2559 rix
132 2521 161 2564 se
189 2506 390 2565 excusantibus
419 2505 495 2581 quod
524 2503 634 2564 nullum
655 2504 728 2564 foret
748 2506 777 2562 in
798 2519 888 2564 causa
907 2504 1089 2564 maleficiam.

66 2584 122 2646 Non
148 2594 221 2650 enlm
240 2592 338 2668 placet
358 2591 423 2651 Deo
451 2594 476 2652 si
504 2591 542 2651 ad
571 2592 680 2667 aliquos
707 2605 778 2650 usus
799 2591 970 2667 temporales
990 2605 1090 2651 saera-

66 2681 152 2736 menta
183 2678 233 2737 illa
265 2685 475 2739 convertantur.
526 2676 731 2739 NOVIOIUS:
766 2677 869 2738 Placet
900 2677 977 2754 quod
1010 2677 1088 2736 dicis.

66 2757 138 2822 llunc
158 2771 223 2840 peto
245 2771 278 2824 ut
300 2765 430 2841 exempla
449 2765 576 2842 proteres
598 2763 966 2842 dedigneeonflcientibus.
1008 2760 1087 2823 MO-

67 2843 225 2912 uacuusz
247 2852 331 2912 Prius
352 2851 574 2912 tibiostendere
595 2850 661 2912 volo
675 2851 770 2930 qualia
791 2868 855 2912 esse
871 2842 1005 2931 debeat⁴)
1026 2851 1087 2911 vita

66 2937 231 2999 uaricum
251 2939 337 3016 digne
360 2937 576 2999 conicientium.

381 3128 613 3191 CAPITULUM
639 3128 758 3190 XXVI.

263 3253 367 3331 Qualis
388 3269 447 3310 esee
468 3249 571 3312 debeat
594 3254 658 3312 uita
678 3249 872 3311 sacerdotum.

122 3369 215 3435 Gloria
247 3355 324 3434 vitae
352 3371 536 3434 sacerdotalis
563 3372 593 3432 in
608 3369 734 3445 ,duobus
762 3373 915 3450 praecipue
945 3374 1086 3445 consistit,

68 3455 245 3541 castimonio‘)
266 3460 399 3522 videlicet
420 3467 448 3521 et
469 3461 596 3521 scientia.
637 3459 734 3521 Debet
756 3460 831 3520 enim
854 3466 949 3520 casuue
972 3475 1034 3519 osse
1057 3464 1087 3516 et

67 3539 198 3608 litteratus
246 3547 417 3626 Exemplum
447 3549 631 3608 castimoniae
659 3547 750 3609 habes
777 3549 808 3608 in
836 3547 976 3608 Zacharia
1003 3547 1085 3620 patre

81 3727 108 3798 1)
122 3729 160 3786 BG
176 3733 206 3787 lrr
232 3734 374 3788 ccclesia
397 3733 549 3804 quotidie
572 3734 675 3788 sumit.
694 3758 725 3776 m
744 3732 778 3801 2)
794 3729 923 3785 liuderich
940 3726 1000 3780 villa
1016 3727 1086 3780 iuxta

123 3798 701 3929 ἒθῖὶὲὓξιὲι-ι-Ιέἒῃῐζίοαςυίιιυω.-4)
717 3801 762 3862 ΔΙ)
780 3797 897 3857 debeat
914 3811 1037 3852 osse.—
1053 3797 1086 3865 5)
