2608 4252
297 253 301 260 ’
410 281 464 350 ns
482 283 638 351 sarova
659 279 800 351 Maera
1032 304 1042 330 ν
1084 294 1121 352 or

78 417 200 486 venunt,
220 409 331 472 nudum
352 418 419 472 tuae
441 413 504 488 diei,
524 430 617 490 neque
638 431 721 474 meae
740 413 888 474 Nativitati
909 414 1046 475 honorem
1069 413 1123 474 de-

76 499 218 560 ferentes.
263 497 348 574 Quod
370 501 445 559 euim
474 500 574 561 eadem
604 500 650 561 die
676 502 803 560 iotumm
824 502 946 576 sciebat,
986 503 1043 561 iam
1071 517 1124 578 pro

78 587 162 647 facto
185 586 349 661 reputabat
389 586 473 646 Miles
495 587 530 648 de
551 589 661 648 visione
678 583 869 662 tremefactus,
891 604 956 646 cum
978 588 1126 665 Sybodoni

79 691 149 734 eum
171 674 337 747 recitasset,
359 680 388 733 et
407 673 454 733 ille
475 675 686 750 parvipendens
706 679 834 750 recitata,
855 677 949 750 ipsum
971 677 1127 735 somniasse

79 759 209 835 diceret,
241 763 408 820 renitentem
427 766 468 820 ut
497 779 528 822 se
556 767 723 837 sequeretur
751 764 852 840 coegit.
895 760 1037 821 Dominus
1058 778 1127 822 vero

80 849 242 922 virtutum
269 849 318 924 qui
340 847 376 906 de
398 846 523 908 Caldaea
544 847 662 907 adduxit
683 847 947 925 Nabugodononor,
968 866 1019 925 per
1042 865 1128 926 quern

80 933 270 996 Judaeorum
299 933 461 1010 superbiam
490 933 650 994 humiliavit
666 931 697 1014 ¹),
725 933 951 996 Wolerammum
973 938 1128 1008 iuniorem,

82 1039 138 1099 per
161 1038 251 1096 quern
272 1023 369 1080 matris
389 1023 520 1081 iniuriam
528 1018 549 1102 ²)
572 1021 744 1097 vindicaret,
772 1021 934 1082 advocavit.
984 1023 1059 1082 Nam
1083 1021 1128 1081 die

83 1107 195 1170 eodem
224 1111 299 1169 cirea
325 1123 431 1168 nonam
451 1110 597 1184 inopinate
626 1126 693 1169 cum
714 1111 830 1169 armatis
851 1109 988 1170 militibus
1010 1108 1128 1169 Cussele

83 1197 216 1255 intravit.
258 1193 292 1254 Io
322 1193 437 1257 dimidio
466 1197 542 1255 enim
570 1211 646 1256 anno
673 1195 740 1255 illoc
767 1213 825 1255 non
846 1204 974 1257 venerat.
1017 1196 1058 1255 Hi
1080 1197 1131 1271 qui

82 1284 171 1343 bona
199 1297 252 1342 sna
279 1281 473 1358 perdiderant,
502 1285 707 1358 querimoniam
736 1282 771 1342 de
792 1283 948 1361 Sybodone
976 1283 1129 1358 facientes,

84 1387 159 1430 cum
182 1367 393 1430 Welerammus
422 1387 479 1445 quo
501 1372 585 1444 isset,
606 1370 655 1430 vel
674 1369 725 1429 nbi
747 1378 822 1430 esset
841 1373 1061 1448 interrogasset,
1082 1387 1130 1431 re-

84 1454 282 1533 sponderunt:
315 1455 438 1516 Domine
468 1456 506 1516 ad
527 1461 651 1533 quatuor
671 1455 801 1516 milliaria
822 1459 851 1516 in
872 1457 922 1517 tali
943 1458 1008 1519 loco
1029 1475 1131 1519 secure

85 1545 215 1620 quiescit
226 1540 255 1622 ³).
298 1541 380 1602 'hmo
401 1543 448 1603 ille
469 1543 592 1603 furorem
614 1561 697 1604 suum
719 1545 915 1621 dissimulans,
944 1548 999 1605 ait:
1033 1545 1129 1605 Hodie

84 1631 198 1691 festum
226 1636 341 1690 sanctae
363 1629 472 1690 Mariae
501 1637 559 1706 est,
592 1631 700 1691 bellare
728 1631 810 1691 nobis
838 1631 991 1692 nonlicet.
1034 1632 1129 1693 lussit

86 1727 190 1776 tamen
222 1715 368 1776 dextrariis
396 1713 488 1798 dari‘)
522 1718 677 1794 pabulum,
708 1724 742 1777 ut
769 1718 912 1778 modicum
935 1721 1131 1794 quiescentes,

85 1806 222 1863 fortiores
243 1803 280 1862 ad
303 1801 465 1863 conflictum
486 1803 678 1865 redderentur.
721 1804 798 1864 Ante
820 1805 888 1864 solis
906 1822 1042 1865 occasum
1063 1822 1130 1865 cum

88 1891 227 1950 omnibus
254 1892 329 1965 suis,
359 1893 439 1967 equis
468 1895 594 1952 escensis
623 1893 744 1952 insecuti
765 1899 832 1951 sunt
859 1892 972 1967 hostes,
994 1899 1023 1952 et
1043 1883 1139 1952 nocte*

88 1993 182 2053 snper
201 1993 316 2037 securos
336 1978 454 2053 irruens,
475 1979 546 2039 alios
568 1981 651 2055 cepit,
672 1977 744 2038 alios
766 1979 876 2054 occidit,
897 1982 1003 2055 vixque
1025 1979 1128 2055 aliquis

89 2065 201 2138 evasit,
234 2069 348 2140 praeter
382 2065 500 2126 militem
543 2069 591 2142 qui
622 2066 798 2141 praedictam
829 2067 941 2128 viderat
980 2067 1128 2125 visionem.

89 2151 150 2212 His
171 2153 211 2210 ita
230 2153 328 2228 gestis,
349 2151 463 2212 dicebat
483 2152 583 2212 mulier
605 2153 748 2228 quaedam
766 2153 976 2214 Walerammo:
996 2153 1129 2227 Domine,

90 2254 165 2298 ecce
185 2239 278 2314 capita
295 2239 471 2316 praedonum
487 2241 606 2299 istorum
622 2242 810 2315 quiescuntin
832 2240 882 2299 tali
903 2240 976 2300 loco.
1018 2238 1128 2299 Reces—

91 2331 191 2386 serant
218 2327 293 2385 enim
322 2325 467 2386 modicdm
495 2343 514 2384 a
541 2325 660 2385 villain
693 2329 793 2385 curtim
816 2326 961 2402 quandam
982 2324 1039 2386 illio
1060 2325 1129 2386 dor-

92 2414 222 2472 mientes.
264 2411 336 2472 Mox
356 2409 443 2492 illic⁶)
466 2428 564 2472 omnes
579 2413 759 2486 divertentes,
782 2429 847 2472 cum
868 2431 952 2490 sepes
974 2418 1003 2473 et
1016 2421 1129 2488 portam

93 2499 183 2560 cmds
203 2498 372 2575 inciderent,
400 2501 570 2576 signumque
598 2499 719 2560 militare
751 2499 937 2560 Walerammi
959 2499 1130 2574 clamarent,

92 2595 124 2646 et
164 2585 219 2646 hoc
256 2589 433 2647 intimaretur
470 2585 634 2663 Sybodoni,
672 2587 720 2646 ille
758 2589 888 2664 territus,
928 2603 993 2648 cnm
1030 2587 1130 2664 fugere

92 2670 197 2748 veliet,
228 2689 344 2751 surgere
371 2689 429 2732 non
456 2676 561 2750 potuit,
592 2691 688 2750 neque
715 2674 819 2750 pedem
846 2691 963 2734 movero
991 2674 1028 2734 de
1055 2673 1129 2733 loco.

93 2759 152 2819 Cui
182 2777 247 2819 cum
277 2759 464 2820 Bnldemarus
498 2760 618 2820 diceret:
647 2761 739 2838 Surge
766 2763 866 2835 irater,
891 2761 1048 2838 fugiamus3
1081 2775 1129 2819 re·

90 2846 212 2922 spondit
236 2846 298 2908 ille:
328 2847 374 2908 Tu
394 2848 487 2926 fugias
507 2848 607 2923 frater,
635 2865 690 2924 ego
717 2851 793 2908 enim
814 2863 930 2924 surgere
951 2863 1009 2906 non
1030 2845 1129 2922 valeo,

92 2935 164 3010 quis
184 2951 269 3010 snper
285 2951 380 3012 genua
402 2951 467 2994 mee
485 2937 566 3010 quasi
580 2952 705 2994 massam
718 2934 828 3012 plumbi
849 2936 949 2996 sentio.
980 2933 1029 2994 Ad
1052 2935 1130 3010 quod

91 3019 158 3080 illes
188 3019 249 3081 Nec
278 3039 333 3099 ego
360 3022 483 3098 fugiam,
512 3028 607 3082 tecum
629 3021 728 3082 volens
749 3038 873 3082 manere.
915 3020 1021 3096 Sicqne
1042 3023 1129 3082 ambo

93 3109 173 3184 capti
195 3113 261 3168 sunt
282 3115 311 3168 et
332 3110 426 3181 occid,
448 3109 592 3167 solventes
612 3124 735 3183 poenam
758 3107 897 3185 sacrilegii
916 3110 946 3167 in
960 3107 1015 3170 Dei
1038 3108 1129 3168 Geni-

92 3197 196 3255 tricem
224 3196 375 3255 commissi.
417 3193 620 3256 NOVIOIUS:
650 3193 725 3274 Satis
752 3195 903 3257 manifesta
929 3195 983 3256 fnit
1002 3195 1130 3256 vindicta

92 3282 183 3358 haee,
212 3280 388 3342 concordans
416 3282 518 3340 visioni
539 3287 569 3341 et
588 3271 700 3364 poenae
721 3283 814 3342 tactae
835 3284 864 3340 in
886 3282 1072 3342 Wilhelmum
1093 3281 1129 3342 de

92 3367 282 3444 Helpinstein,
304 3359 377 3428 siout
398 3367 505 3428 dictum
527 3375 570 3429 est
584 3371 713 3444 superios
736 3370 861 3446 capitulo
882 3370 1013 3446 septimo.
1051 3367 1128 3428 ΜΟ-

91 3453 267 3516 NACHUS:
295 3455 361 3515 Non
390 3454 483 3516 solum
512 3457 611 3516 matris
638 3457 769 3516 iniuriam
791 3455 920 3516 Christus
947 3455 1128 3516 vindicatio

91 3541 230 3618 openlus
249 3541 341 3618 malls,
362 3541 414 3602 sed
435 3545 522 3603 etiam
541 3545 571 3602 in
592 3543 688 3604 verbis
711 3543 930 3605 contumeliosis.

110 3726 144 3794 1)
162 3723 226 3794 Reg·
244 3725 284 3790 lV,
301 3725 343 3779 at.
362 3727 437 3796 -2)
455 3727 476 3780 ll
493 3729 605 3780 matris
623 3743 700 3779 suae
721 3729 875 3790 iniuriam,
891 3725 912 3778 G
928 3726 1037 3776 matris
1055 3737 1128 3774 suae

165 3797 429 3848 irreverentiam.
448 3825 479 3836 -
498 3797 530 3865 3]
549 3797 569 3850 Β
588 3799 694 3849 issent
713 3827 743 3838 -
762 3804 874 3848 essent
892 3823 923 3834 -
944 3793 1126 3859 quiescunt.

168 3893 198 3904 -·
219 3865 248 3932 3)
266 3865 307 3919 Bc
324 3864 410 3917 dare.
431 3895 459 3906 ·-
481 3867 513 3934 5)
531 3866 551 3918 B
570 3866 628 3918 illi.
