2608 4252
138 277 156 335 8
440 271 667 336 DISTINGTIO
688 271 865 336 SEPTIMA

138 397 321 476 dignabatur,
345 401 377 454 ut
398 394 581 472 dignitatibus
602 395 796 456 saecularibus
816 391 963 482 indulgere
982 402 1171 472 proponeret,

30 516 38 536 ι
140 490 280 561 quatenus
314 485 508 558 possessiones
537 483 642 542 ordinis
670 483 724 544 sibi
751 488 930 558 usurparent.
978 481 1014 542 In
1040 484 1171 557 proximo

140 588 208 632 vero
230 570 356 647 generali
378 569 508 647 capitulo
530 569 672 643 Abbates,
691 570 740 644 qui
762 569 971 646 confluxerant,
984 587 1067 646 spem
1086 586 1171 630 snam

138 661 169 717 in
190 659 275 717 beata
295 657 351 716 Dei
368 656 520 730 Genitrice,
541 673 615 732 quae
637 656 742 715 ordinis
759 663 881 732 patrona
903 662 946 716 est
967 661 996 716 et
1018 655 1170 732 advocata,

138 751 285 822 ponentes,
306 747 427 808 scientes
449 745 617 803 sententiam
637 742 714 803 male
738 749 906 819 conceptam
927 745 988 803 eius
1008 743 1140 819 precibus
1150 738 1170 823 ¹)

138 832 219 892 facile
240 847 325 906 posse
346 833 489 904 revocari,
519 829 657 906 speciales
684 847 736 905 pro
765 829 865 889 eadem
886 831 1056 890 necessitate
1077 845 1171 905 usque

139 918 177 978 ud
208 920 367 994 proximum
400 916 563 991 Capitulum
595 917 736 976 crationes
767 918 960 992 iniunxeruut,
993 916 1050 977 hoo
1082 916 1171 976 etiam

138 1005 311 1080 adiicientes,
331 1011 364 1062 ut
384 1021 403 1062 a
424 1006 517 1080 capite
538 1003 779 1080 Quadragesimae
804 1003 887 1063 nudis
908 1003 1030 1079 pedibus
1051 1002 1087 1062 de
1109 1001 1170 1064 Ca-

78 1153 89 1168 „
138 1092 228 1170 pitulo
261 1096 412 1165 exeuntes,
443 1085 553 1166 septem
584 1090 709 1165 psalmos
742 1108 808 1151 cum
839 1091 945 1150 letania
976 1090 1171 1152 decantarent.

139 1179 225 1256 Quod
254 1184 283 1238 et
311 1178 438 1236 lecimus.
479 1177 596 1237 Interim
624 1177 711 1236 beata
730 1178 788 1236 Dei
809 1176 938 1236 Genitrix
964 1179 1027 1238 viro
1055 1175 1170 1238 crudam

137 1265 278 1342 religioso,
295 1267 409 1328 nomine
423 1263 554 1338 Renerio,
572 1267 630 1324 iam
644 1264 710 1323 dicti
723 1264 881 1324 Innocentii
895 1264 1055 1339 consessori,
1075 1280 1170 1340 appa-

136 1371 210 1428 rens,
231 1354 260 1410 in
281 1351 353 1411 baec
374 1351 464 1410 verba
485 1351 576 1410 eidem
598 1351 758 1410 mandavit:
780 1351 826 1410 Tu
847 1351 975 1410 ordinem
997 1350 1171 1412 cistercien-

137 1457 215 1514 sem,
244 1441 323 1499 cnius
351 1438 494 1498 advocata
522 1455 585 1498 snm
607 1454 677 1514 ego,
709 1438 854 1498 desumere
877 1439 1003 1514 conaris,
1031 1436 1083 1496 sed
1109 1453 1169 1498 non

136 1525 324 1602 praevalebis.
365 1525 403 1583 Et
423 1527 477 1584 nisi
498 1526 579 1584 citius
612 1524 647 1584 de
668 1531 718 1585 tuo
740 1523 817 1584 malo
837 1527 983 1600 proposito
1004 1525 1170 1601 resipiscas,

137 1630 191 1690 ego
220 1620 248 1672 te
279 1619 307 1672 et
338 1628 451 1671 ornnem
481 1617 654 1687 potestatem
685 1618 765 1673 tuam
793 1617 947 1671 conteram.
995 1610 1170 1671 Huiusmodi

137 1700 242 1760 nuncio
276 1699 406 1759 dominus
432 1699 615 1773 Irmocentius
636 1698 749 1774 audito,
781 1701 874 1758 sciens
894 1699 1049 1758 Renerium
1075 1700 1171 1758 virum

137 1803 200 1847 esse
221 1793 351 1845 sanctum
372 1803 407 1846 ac
428 1803 569 1860 veracem,
589 1787 690 1860 timuit,
710 1787 740 1844 in
761 1791 873 1844 tantum
894 1785 930 1844 de
947 1790 1084 1860 concepto
1095 1800 1169 1861 pec·

137 1880 202 1934 cato
223 1875 378 1949 poenitens,
401 1879 432 1931 ut
453 1872 557 1932 ordinis
577 1873 751 1950 praevilegia
770 1873 926 1946 roboraret,
946 1871 1003 1932 hcc
1023 1871 1172 1948 adiiciens,

136 1967 168 2020 ut
188 1962 420 2036 primoomnium
432 1961 548 2036 negotia
562 1959 666 2019 ordinis
686 1962 716 2018 in
738 1961 815 2018 ouria
833 1959 1039 2035 expedirentur.
1072 1958 1171 2034 Quam

100 2035 104 2048 '
134 2048 339 2124 indulgentiam
361 2065 426 2105 cum
446 2052 506 2105 tam
527 2065 580 2106 sua
603 2047 696 2121 bulla,
718 2063 806 2122 quam
828 2049 955 2106 omnium
977 2044 1170 2104 Cardinalium

135 2135 388 2210 subscriptionibus
406 2129 594 2208 confirmaret,
615 2139 643 2192 et
663 2151 737 2192 unus
750 2138 862 2192 mutum
882 2135 953 2209 nigri
975 2131 1081 2192 ordinis
1094 2131 1169 2192 Oar-

123 2221 236 2281 dinalis
258 2221 471 2295 contradiceret,
491 2223 533 2278 ita
551 2223 580 2279 in
600 2220 681 2280 illum
697 2223 809 2294 exarsit,
830 2226 863 2278 nt
883 2222 979 2280 statim
1001 2236 1067 2280 eum
1083 2235 1169 2280 amo-

134 2326 202 2369 vere
223 2311 386 2370 minaretur.
429 2306 558 2382 Cumque
577 2309 608 2367 iu
624 2309 753 2383 proximo
767 2306 1045 2382 Capitulopatribus
1063 2307 1170 2368 nostris

135 2395 208 2456 haec
228 2396 424 2469 innotuissent,
446 2393 588 2453 Christum
610 2397 727 2471 eiusque
745 2393 919 2453 Genitrioem
941 2393 1058 2454 datam
1072 2394 1169 2468 inopi-

134 2489 203 2542 nata
223 2484 379 2540 mutatione
387 2478 407 2561 ²)
429 2481 628 2557 glorificantes,
650 2483 792 2540 orationes
808 2483 949 2540 iniunctas
971 2497 1037 2540 cum
1057 2481 1169 2556 gralia·

134 2587 198 2628 rum
218 2571 331 2628 actione
353 2568 526 2626 dimisemnt.
568 2566 770 2629 NOVICIUS:
791 2559 857 2628 Non
877 2570 971 2642 miror,
993 2569 1018 2626 si
1037 2565 1168 2628 advoca·

133 2659 203 2715 tiam
224 2673 306 2714 suam
328 2661 386 2714 tam
408 2660 510 2730 potens
531 2655 643 2730 Regina
665 2654 798 2713 defendit.
839 2652 1074 2714 MONAOHUS:
1102 2653 1168 2714 Ve-

132 2759 195 2801 rum
223 2741 301 2801 diois.
345 2741 427 2801 Licet
455 2742 529 2801 enim
558 2747 649 2800 mater
676 2743 713 2800 sit
741 2741 962 2816 misericordiae,
990 2746 1167 2820 nontamen

133 2830 308 2890 obliviscitur
329 2831 405 2889 circa
424 2827 659 2888 immisericordes
681 2823 833 2888 vindictae.

361 3093 364 3099 ,
442 2971 698 3080 ὀΑΡΙΤυωΜ
725 3015 834 3100 vus)

280 3141 328 3201 De
348 3142 479 3202 vindicta
500 3143 627 3202 bostium
649 3139 723 3202 Loci
744 3147 865 3200 sunctae
885 3139 1012 3199 Mortua.

193 3263 272 3323 Dum
300 3263 402 3323 nobilis
429 3264 535 3324 semina
563 3262 678 3325 domina
697 3257 841 3342 Alauna)
864 3263 900 3322 de
921 3261 1069 3338 Molsberg
1097 3277 1165 3322 oum

130 3367 270 3410 consensu
291 3353 384 3409 mariti
406 3353 451 3410 sui
473 3351 631 3411 Everhardi
651 3351 797 3427 burgrarii
819 3349 961 3424 quaedam
983 3349 1089 3410 allodia
1110 3365 1166 3410 sua

128 3455 180 3512 pcr
199 3439 413 3512 inspirationem
434 3438 559 3497 divinam
589 3437 627 3498 ad
647 3455 753 3496 novam
775 3437 922 3498 abbatiam
944 3435 1051 3496 ordinis
1074 3437 1165 3496 nostri

128 3525 345 3585 comtruendam
373 3527 402 3583 in
424 3542 526 3584 manus
555 3522 661 3584 domini
680 3523 799 3584 Hemici
818 3522 944 3584 Abbatis
964 3524 1054 3584 nostri
1073 3522 1164 3584 libere

145 3710 175 3779 1)
193 3710 236 3763 llll
253 3709 303 3762 add
321 3718 353 3762 ct
370 3709 593 3777 meritis—2)
606 3691 625 3761 P¹
642 3709 876 3761 immutatione.
894 3708 966 3760 Goni.
983 3707 1015 3774 ll,
1034 3707 1162 3776 18.-*)

194 3781 284 3833 Homil.
302 3781 330 3833 ll.
340 3797 365 3848 p.
380 3781 421 3833 16.
437 3779 509 3832 Curti.
527 3780 603 3832 etiam
613 3779 728 3831 Brower.
739 3780 862 3848 Antiquit.
879 3787 906 3830 et
916 3777 1006 3831 Annei.
1019 3777 1162 3830 Trevirens.

193 3850 223 3902 li.
242 3867 266 3920 p.
286 3851 344 3904 125.
355 3880 387 3892 -
405 3850 437 3918 3)
445 3849 577 3904 comitissa
594 3850 626 3902 de
643 3847 797 3902 Froiabreth.
816 3847 879 3902 vida
897 3863 973 3917 supra
990 3846 1021 3914 v,
1031 3849 1056 3902 5.
1067 3863 1093 3915 p.
1100 3847 1161 3902 285.
