2506 4254
419 295 732 381 ‘nxuraueuurs
1033 319 1093 377 eur

77 441 136 502 dora
158 442 292 504 nitebant
336 441 391 519 Qui
412 448 509 503 autem
530 444 558 499 in
580 443 706 502 tentoriis
728 442 789 500 sive
800 436 817 520 ¹)
838 441 964 500 tabernis
980 443 1096 501 extincti

76 536 156 605 crant,
184 529 355 589 carbonibus
383 532 519 605 nigriores
542 529 728 604 apparebant.
771 527 835 586 Tali
856 530 930 587 enirn
953 535 1095 587 caractere

75 615 145 676 Deus
164 617 255 676 bonos
278 616 469 692 distinguebat
490 634 508 675 a
528 615 619 675 malis.
662 613 864 674 NOVICIUS:
889 613 969 674 Sicut
989 617 1018 672 in
1040 615 1096 674 hac

75 703 149 786 plaga
169 702 324 777 considero,
345 719 402 762 non
423 720 493 762 casu
515 702 565 761 sed
587 702 643 761 Dei
662 701 765 762 iudicio
786 703 860 760 iusto
869 697 889 780 ²)
911 700 1097 776 flagellamur.

77 787 297 850 MONACHUS:
319 789 384 850 Hoc
396 789 508 865 plenius
523 792 621 848 notare
635 791 741 864 poteris
755 790 784 846 in
806 787 912 847 diluvio
929 787 1047 862 Frisiae,
1067 790 1095 846 iu

76 891 124 952 quo
137 876 255 952 amplius
271 892 358 952 quam
375 885 489 936 centum
506 875 593 934 millia
610 875 757 934 hominum
775 874 859 933 simul
877 877 1001 933 extincta
1022 881 1096 948 sunt,

76 961 213 1023 acduindc
227 980 303 1022 anno
318 965 399 1022 tertio
421 965 496 1023 circa
511 961 698 1038 quadraginta
719 961 813 1020 millia.
841 961 967 1037 Tempus
982 967 1011 1020 et
1025 977 1096 1020 cau-
1150 968 1151 974 ’

75 1066 129 1108 sam
144 1050 269 1110 eiusdem
286 1048 388 1126 plagae
406 1052 476 1108 satis
491 1052 617 1124 expressi
634 1052 664 1108 in
682 1049 860 1108 distinctione
877 1050 998 1123 septima
1016 1049 1096 1122 capi-

76 1135 127 1195 tulo
138 1139 226 1196 tertio.
254 1135 456 1196 NOVICIUS:
473 1135 614 1196 Videntur
626 1135 694 1194 mihi
710 1134 816 1195 diluvia
831 1135 903 1194 haec
916 1134 1097 1210 particularia

76 1221 184 1284 celerem
199 1222 300 1282 iudicis
318 1222 473 1303 adventum
485 1224 698 1298 praenunciare.
725 1220 965 1292 ,MONACHUsz
987 1221 1096 1280 Vertun

77 1315 120 1383 eat,
137 1311 200 1384 quia
213 1309 316 1370 eodem
329 1317 457 1385 tempore
471 1309 619 1384 impletum
631 1326 683 1385 pro
698 1315 778 1384 parte
793 1315 844 1383 est,
862 1308 940 1384 quod
953 1311 1014 1384 ipse
1026 1325 1096 1383 pro-

77 1393 168 1475 ruisit³)
182 1397 294 1457 dicens:
315 1395 384 1458 Eos
396 1401 428 1454 in
441 1400 526 1455 terris
533 1413 677 1472 pressura
691 1397 823 1470 pandum
832 1413 910 1470 prae
924 1395 1097 1470 cmcfuuonc

76 1486 177 1542 auribus
203 1486 296 1542 murts
323 1489 350 1542 et
377 1482 538 1560 fluctuum,
561 1481 756 1540 crescentibus
777 1480 942 1540 bominibus
958 1500 1036 1556 prae
1058 1486 1096 1540 tu'-

77 1568 186 1643 moret).
226 1569 302 1630 Nam
322 1571 397 1628 sicut
416 1569 486 1628 mihi
506 1568 603 1628 retulit
622 1567 725 1627 Abbas
740 1570 833 1626 sancti
847 1567 993 1647 Bemardi,
1013 1569 1097 1628 timor

77 1661 161 1716 tantm
171 1661 231 1715 erat
242 1658 272 1714 in
285 1656 384 1729 Frisia,
405 1661 439 1714 ut
458 1655 561 1734 singuli
582 1655 700 1731 singulis
715 1656 865 1712 momentis
881 1661 1003 1714 mortem
1014 1671 1096 1714 suum

76 1747 274 1819 enecarent,
299 1748 328 1802 et
349 1745 430 1817 quasi
449 1747 612 1802 arescerent
631 1758 699 1817 prae
721 1743 941 1816 exspectatione.
982 1740 1017 1798 In
1039 1758 1098 1816 qua

76 1832 146 1889 tauta
169 1829 246 1889 iactu
267 1835 311 1890 est
329 1845 462 1910 pressura
482 1828 668 1906 populomm‚
700 1834 733 1886 ut
753 1827 835 1886 multi
854 1829 1006 1886 Frieonum
1026 1843 1097 1904 pro-

76 1915 172 1975 vincias
191 1921 321 1993 peterent
342 1915 456 1974 alienas.
498 1914 700 1976 NOVICIUS:
723 1915 785 1991 Ego
807 1916 862 1974 ista
875 1921 943 1974 tunc
962 1915 1097 1990 temporis
1159 1916 1161 1919 ’

75 2001 195 2061 brielicxi.
232 2000 467 2062 MONACHUS:
488 2003 533 2062 Ex
555 2019 612 2078 quo
633 2001 711 2077 loqui
727 2004 807 2077 coepi
829 2000 864 2060 de
887 2003 977 2077 aquis,
998 2008 1097 2060 osten-

77 2085 134 2148 dere
153 2089 202 2148 tibi
223 2088 299 2164 volo,
320 2095 428 2165 quanta
447 2089 528 2151 Deus
549 2089 686 2149 miracula
707 2091 793 2150 etiam
805 2091 909 2150 nostris
923 2089 1097 2164 temporibus

77 2182 199 2250 operatus
220 2177 314 2236 estin
336 2175 399 2235 illis.

409 2469 641 2544 exercituum
661 2470 758 2530 xuu.
869 2452 873 2462 ’

169 2612 215 2672 De
238 2628 333 2688 puero
354 2619 541 2672 morutruoao
556 2591 627 2687 post
649 2609 826 2686 baptismum
847 2603 995 2686 aauoto⁵).

135 2747 301 2810 Godefridus
329 2752 463 2828 magister
487 2749 664 2809 noviciorum
685 2753 861 2822 nostrorum,
888 2751 955 2805 ante
976 2761 1097 2804 eonver-

80 2833 175 2896 aiouem
209 2837 377 2914 parochiam
402 2835 545 2914 quandam
566 2835 693 2912 regebat.
742 2834 799 2894 Hic
822 2851 888 2893 cum
907 2832 953 2892 die
974 2831 1097 2908 quadam

78 2933 185 2992 puemm
205 2923 371 3001 baptizaret,
392 2922 427 2983 de
449 2925 529 2983 cuius
549 2922 637 2983 latere
658 2921 804 2998 pendebat
824 2936 890 2979 caro
911 2921 973 2978 miri
996 2918 1099 2978 horro-

80 3006 119 3082 ris,
138 3027 200 3070 mox
222 3018 253 3070 ut
274 3011 409 3070 infantem
429 3013 459 3068 iu
479 3011 593 3069 nominc
615 3015 733 3068 sanctae
750 3009 895 3090 Trinitatis
916 3007 1005 3065 tribus
1026 3007 1099 3065 vici-

80 3089 125 3153 bus
143 3097 302 3158 immersum
317 3099 446 3173 extraxit,
468 3102 678 3156 monstruosum
698 3094 767 3153 illud
788 3099 938 3169 apostema
957 3111 1099 3169 nusquam

81 3185 232 3258 comparuit.
276 3182 341 3260 Quo
373 3187 434 3243 viso
464 3183 495 3242 hi
524 3185 572 3260 qui
600 3183 719 3241 aderant
739 3180 969 3258 glorificaverunt
988 3181 1100 3254 Deum,

80 3263 199 3343 baptismi
219 3273 354 3332 virtutem
375 3272 481 3348 ubique
502 3264 740 3348 praedicantesb.

95 3590 123 3660 1)
138 3593 272 3679 mm
290 3596 321 3646 in
339 3595 480 3679 theatris
498 3595 569 3648 sive
587 3595 625 3646 in.
646 3623 675 3634 -
690 3593 723 3662 2)
740 3593 761 3646 B
779 3594 868 3678 iusto
885 3592 943 3644 Dei
961 3591 1098 3673 iudicio,

139 3659 1099 3816 5'ititttittttttuxitrt?0t¹ttt¹t¹2⁰⁵¹3⁰tit⁸tt

138 3811 333 3943 :ulplngsffiegn
358 3814 457 3873 puero
480 3819 538 3871 per
558 3802 754 3871 baptismum
772 3801 894 3871 fugato.
914 3825 944 3839 ω-
964 3797 995 3866 6)
1012 3794 1035 3848 Β
1053 3795 1100 3848 dr·
