2506 4254
421 300 475 360 DE
499 297 726 361 MIRACULIS.

347 454 579 522 cremonem
600 452 803 536 mnxvne)

153 562 198 620 De
219 559 353 622 modius
375 579 453 636 quae
474 568 681 636 apparuerunt
702 565 733 620 in
754 561 854 620 Frisia
874 563 906 620 ire
928 579 996 620 uere

325 653 453 722 tempore
468 648 700 724 praedicationis
722 650 824 706 ornem.

127 766 223 836 Gemi
255 767 386 829 Oliverus
415 768 609 830 Scholastious
638 769 814 829 Coloniensis
823 765 860 849 ²),
889 771 969 829 euius
997 770 1092 829 verbis

70 853 110 914 hic
135 859 210 930 utor,
243 873 357 917 crucem
378 856 555 931 praedicaret
576 859 604 914 in
625 856 717 917 Frisie
738 858 767 916 in
787 857 921 917 Dioecesi
942 853 1091 916 Monaste·

68 943 151 1017 riensi,
170 943 238 1002 villa
257 939 414 1022 Bedian³),
443 961 541 1003 mense
562 941 652 1020 Mayo
673 951 755 1004 sexta
774 944 844 1004 seria
859 949 930 1002 ente
948 943 1091 1002 Penteco·
1205 997 1208 1010 ,

68 1033 133 1104 stan,
152 1031 223 1089 sicut
238 1029 307 1089 alibi
326 1047 372 1089 me
388 1029 491 1090 dixisse
499 1027 520 1110 ⁴)
542 1031 666 1104 memini,
688 1031 790 1106 triplex
811 1031 902 1090 forma
923 1031 1014 1089 crucis
1036 1047 1091 1105 ap·

66 1117 151 1190 paruit
174 1119 203 1175 in
231 1134 313 1190 aere,
340 1134 398 1176 una
426 1116 549 1178 candida
578 1134 677 1176 versus
698 1117 875 1193 aquilonem3
905 1116 963 1176 alia
990 1133 1090 1176 versus

68 1201 203 1262 meridiem
217 1201 346 1264 eiusdem
368 1201 468 1264 eoloris
490 1211 518 1264 et
539 1206 684 1280 scematis;
707 1206 790 1263 tertie
810 1203 904 1264 medio
923 1202 1017 1263 colore
1040 1219 1090 1263 eo·

66 1285 155 1364 lerata,
175 1289 285 1350 habena
300 1293 391 1351 erucis
404 1290 571 1367 patibulum,
593 1297 621 1350 et
642 1290 763 1368 figurem
783 1291 905 1351 hominis
925 1294 955 1348 in
976 1307 1011 1350 ea
1025 1307 1091 1348 sus·

65 1391 189 1450 pensem,
211 1377 330 1438 elevatis
352 1377 474 1437 brachiis
496 1383 524 1436 et
546 1380 685 1452 extensis,
707 1395 772 1438 oum
793 1377 927 1436 infixione
945 1377 1090 1436 clavorum

66 1462 236 1524 inmanibus
258 1463 444 1540 etpedibus,
468 1470 496 1524 et
518 1467 611 1540 eapite
632 1465 776 1524 inclinato.
819 1464 901 1524 Haeo
923 1463 1018 1524 media
1038 1461 1091 1522 suit

65 1549 131 1608 inter
150 1550 219 1611 alias
241 1549 327 1627 duae,
351 1552 381 1610 in
403 1552 507 1628 quibus
527 1569 585 1610 non
608 1558 669 1611 erat
690 1550 936 1632 effigieshumani
957 1551 1091 1626 eorporis.

331 1779 334 1794 .
357 1706 590 1768 eucnemon
610 1707 789 1766 xxxvm.

85 1807 154 1868 item
174 1809 209 1870 de
230 1829 316 1870 auce
337 1830 414 1887 quae
433 1799 628 1887 apparuit'io
641 1809 842 1872 Setherhoeen
863 1814 951 1870 iacto
971 1811 1068 1869 solun.

124 1929 186 1992 Alia
207 1934 271 1993 vice
293 1931 398 1992 etalio
419 1932 501 2008 loco,
520 1935 550 1991 in
571 1932 640 1991 villa
661 1933 768 1991 Frisiae
790 1931 994 2005 Sutherhusen,
1015 1937 1090 1991 tem-

64 2031 127 2090 pore
146 2018 307 2093 praedictae
322 2019 540 2094 praedicationis
562 2022 662 2096 erucis,
683 2022 816 2096 apparuit
836 2022 914 2079 iuste
928 2019 1016 2078 solem
1033 2035 1091 2076 una

65 2117 129 2161 cmx
149 2105 271 2166 caerulei
292 2105 402 2166 coloris.

370 2261 602 2324 CAPITULUM
621 2263 775 2322 XXXIX.

115 2367 186 2428 item
208 2368 244 2427 da
265 2369 326 2427 alia
347 2385 433 2427 nuce
454 2387 531 2444 quoe
551 2371 616 2427 oica
638 2375 680 2428 eet
700 2372 733 2427 in
752 2369 825 2428 oridia
846 2365 1029 2445 noemma

417 2458 575 2530 provincio
595 2455 720 2514 Frisiae.

121 2572 215 2635 Tertia
235 2575 287 2635 iuit
308 2578 449 2653 apparitio
470 2577 499 2634 in
520 2575 653 2635 Dioecesi
674 2575 865 2652 Treieotensi,
886 2575 914 2634 in
935 2575 1004 2634 villa
1024 2573 1089 2633 Do-

64 2655 158 2738 eheym
180 2663 229 2722 ubi
250 2669 365 2723 sanctus
385 2662 549 2722 Bonisecius
572 2669 722 2722 coronatus
744 2662 796 2720 suit
818 2664 968 2738 martyri03
989 2661 1040 2720 ubi
1060 2663 1088 2717 in

64 2741 104 2804 die
131 2753 259 2826 martyris
288 2750 430 2824 eiusdem,
463 2767 527 2809 eum
557 2750 647 2808 multa
669 2748 756 2809 millia
777 2751 964 2809 accessissent
984 2748 1021 2806 ad
1043 2748 1089 2804 in-

65 2829 159 2894 dietum
181 2838 347 2911 stationem,
376 2839 508 2912 apparuit
529 2853 597 2896 crux
619 2837 686 2895 alba
709 2843 737 2895 et
758 2853 878 2911 magna,
908 2852 942 2893 ae
965 2833 988 2893 si
1009 2833 1089 2892 nabe

64 2931 95 2976 ex
113 2929 272 2983 mensvemo
300 2923 388 2982 trabis
410 2922 592 2982 artificialiter
620 2925 777 2998 composita
804 2923 912 2981 fuisset.
954 2919 1019 2980 Hoc
1048 2922 1089 2979 si-

63 3019 143 3078 gnum
160 3009 282 3069 vidimus
304 3026 415 3070 omnes:
437 3010 528 3069 verba
549 3016 615 3069 sunt
627 3010 764 3085 praedicti
778 3007 897 3084 Oliveri3
919 3007 1089 3067 movebatur

64 3099 151 3154 eutem
178 3097 315 3172 paulatim
344 3083 381 3156 εἴ)
404 3096 538 3172 aquilone
559 3097 597 3156 ad
618 3095 772 3155 meridiem.
815 3093 891 3155 Huic
913 3097 1016 3154 visioni
1043 3097 1089 3152 in-

64 3181 208 3242 terfuerunt
229 3183 360 3244 dominus
381 3181 523 3242 Henricus
541 3182 643 3242 Abbas
664 3191 769 3257 noster,
791 3188 820 3241 et
840 3181 1002 3242 Winandus
1023 3197 1089 3241 mo·

65 3265 161 3328 orchus
183 3271 251 3344 eius,
273 3273 322 3346 qui
344 3276 372 3329 et
392 3273 446 3346 ipsi
467 3267 637 3351 viderunt⁶).

79 3381 108 3448 ⁴)
124 3383 208 3438 domii.
227 3386 267 3438 ΙΙΙ.
290 3403 314 3454 p.
335 3387 392 3438 171.
411 3386 505 3438 Oliveri
523 3387 670 3439 relationem
689 3386 717 3439 C.
735 3385 766 3440 P.
784 3385 856 3439 Boelr
874 3387 912 3438 vir
930 3386 1089 3439 doctissimus

125 3454 257 3576 publicavit
275 3457 299 3508 in
318 3455 392 3508 libro:
412 3455 660 3509 Niederrheinisches
678 3455 803 3508 Jahrbueh
821 3456 862 3508 iiir
873 3456 1021 3509 Gesohichte
1040 3463 1088 3505 eta.

137 3561 142 3574 .
160 3541 183 3592 p.
201 3527 243 3578 98.
263 3555 293 3565 -
315 3527 345 3593 i)
363 3525 404 3577 BE
423 3525 502 3578 dum.
522 3556 552 3565 -
572 3527 603 3593 2)
622 3525 833 3588 coloniensis
852 3525 900 3577 edd
918 3525 948 3578 Β.
968 3524 1087 3576 Romilia:

125 3594 307 3664 „Scholastieus
333 3594 506 3660 coloniensis,
532 3610 599 3647 nunc
625 3603 707 3646 autern
731 3595 872 3662 Episcopus
899 3605 925 3646 et
949 3591 1087 3646 Gurdinniiu

125 3674 221 3716 tenetes
234 3664 366 3718 Sabinae.“
381 3695 411 3706 -
424 3666 454 3732 3)
473 3666 493 3717 Β
511 3664 632 3718 Bedim.
648 3693 678 3704 -
693 3665 724 3732 4)
743 3665 763 3716 Β
782 3665 906 3716 dixisse
924 3662 1000 3724 tibi,
1016 3660 1087 3713 ACE

125 3735 182 3786 tibi
199 3734 330 3786 dixisse.
349 3764 381 3774 -
401 3736 433 3803 5)
450 3734 572 3788 Dockum.
591 3733 656 3786 ABE
675 3733 817 3797 Dochne;
834 3731 931 3785 moxi)
954 3731 1087 3798 provin-

125 3803 307 3928 Eioaffllffig
325 3797 503 3926 pro'2v0i4ncia.
518 3835 547 3844 -
559 3804 591 3873 6)
603 3803 626 3857 Β
638 3805 692 3874 qui
710 3811 742 3856 et
758 3802 835 3854 mihi
851 3803 1085 3853 recitaverunt

160 3889 194 3926 u.
246 3913 254 3940 ‚
307 3891 358 3942 .p.
429 3912 435 3925 .
