2506 4254
342 303 397 368 uu
419 305 601 398 corrosa
624 305 791 371 casnm.
1035 308 1096 369 aer

417 495 649 560 CAPITULUM
676 497 741 560 LII.

72 619 114 679 De
132 621 280 680 haereticis
306 622 360 698 otri
379 623 411 679 ia
432 621 552 679 eeclesiis
571 619 671 696 forati
690 627 761 681 eant
781 637 888 696 eorpus
909 621 1048 696 Domini,
1070 628 1099 680 ot

354 723 417 767 orso
436 714 559 784 propter
580 709 634 766 lroe
654 725 802 784 adsparso.

128 829 192 890 Nou
214 834 258 889 est
282 827 331 889 diu
353 827 430 904 quod
452 828 568 903 quidam
590 831 644 888 sub
667 835 794 889 scemate
814 827 957 905 religionis
977 829 1099 888 venien-

72 917 163 976 tasin
190 915 353 976 Dioeeesim
383 914 597 989 coloniensem,
634 919 663 973 in
693 915 812 976 diversis
840 915 966 976 ecelesiIs
995 931 1099 990 eorpus

72 1001 181 1062 Domini
192 1003 277 1062 durati
286 1009 361 1062 sunt
389 1002 435 1061 De
448 1003 564 1078 reliquis
579 999 596 1082 ¹)
610 1018 678 1061 vero
694 1005 879 1079 ornamentis,
891 1001 1027 1062 sallaibus
1040 1003 1099 1068 sei·

72 1087 138 1166 lieet,
159 1089 237 1150 libris
258 1092 319 1149 sive
343 1087 515 1148 indumentis
537 1089 768 1163 sacerdotalibus,
788 1089 867 1150 nulla
888 1091 929 1150 eis
950 1106 1019 1165 eura
1039 1088 1102 1148 luit.
1123 1111 1125 1116 ·

72 1173 112 1234 Ex
128 1178 229 1252 quibus
262 1193 336 1235 unus
357 1178 385 1234 ln
406 1177 553 1251 provincia
574 1183 672 1234 nostra
692 1175 901 1252 deprehensus,
933 1183 963 1236 et
982 1176 1100 1235 ubinam

73 1262 176 1324 lesuset
183 1261 205 1343 ²)
228 1280 331 1339 eorpus
344 1262 460 1321 Domini
473 1264 633 1338 requisitus,
654 1262 814 1338 respondit:
835 1261 975 1323 Inlutum
995 1263 1102 1322 iactavi

73 1347 143 1408 illud.
182 1351 305 1426 Propter
318 1348 395 1424 quod
408 1352 493 1409 miser
509 1367 673 1424 suspensus,
693 1352 836 1425 proiectus
859 1353 951 1409 estin
973 1350 1101 1410 eloacam

73 1429 171 1496 inserui.
212 1437 247 1496 In
275 1439 404 1513 proxima
433 1453 502 1496 vero
525 1436 642 1514 syuodo
664 1449 685 1494 a‘
704 1437 818 1495 domino
840 1436 1006 1513 Engilberto
1028 1437 1101 1512 Epi·

74 1539 152 1600 esopo
173 1531 358 1600 praeceptum
381 1529 432 1598 est,
455 1529 488 1582 ut
507 1525 536 1580 in
559 1524 692 1582 omnibus
713 1523 840 1582 eeclesiis
862 1524 1009 1584 Dioeeesis
1031 1539 1102 1582 sune
1153 1573 1158 1582 .

76 1625 168 1686 eorpus
195 1611 312 1694 Domini
339 1612 393 1670 sub
423 1610 555 1670 clausura
575 1617 744 1670 servaretur.
792 1609 995 1672 NOVIOIUS:
1026 1607 1103 1686 Quid

76 1705 113 1756 est
138 1698 214 1774 quod
242 1697 377 1758 haeretiei
402 1698 458 1756 hoe
486 1703 696 1756 sacramentum
717 1703 777 1756 tam
798 1697 982 1757 vehementer
1002 1712 1103 1772 perse·

76 1785 210 1860 quuutur'i
253 1783 485 1845 MONAGHUS:
509 1783 584 1860 Quia
597 1783 696 1844 fideles
716 1782 786 1842 illud
807 1790 874 1843 ante
895 1785 1103 1844 omnia'veue·

75 1877 178 1946 rantur,
211 1871 317 1930 ideireo
352 1871 487 1932 haeretiei
518 1869 608 1939 idem¹
627 1877 836 1931 sacramentum
863 1870 919 1930 illis
946 1873 976 1930 in
1005 1868 1103 1928 odium

75 1960 189 2018 maxime
222 1964 397 2018 execrantur.
449 1956 544 2016 Multa
575 1959 604 2016 in
639 1957 816 2018 distinetione
846 1960 945 2033 quinta
976 1955 1102 2032 capitulo

77 2047 202 2105 vicesimo
230 2045 372 2119 seeundo,
400 2045 436 2104 de
457 2061 549 2106 enare
570 2045 776 2104 haeretieorum
799 2043 903 2104 dixisse
923 2063 970 2105 me
990 2042 1101 2118 recolo,

78 2132 181 2193 etlorte
194 2133 293 2209 nimis3
314 2134 400 2191 timeo
416 2134 491 2192 enim
505 2132 617 2208 aliquos
628 2132 667 2190 ibi
679 2129 700 2212 ³)
723 2148 809 2207 posse
832 2124 1034 2206 seandalixari3
1050 2129 1103 2190 sed

78 2218 201 2296 quioquid
228 2221 268 2280 ibi
290 2219 396 2278 dietum
418 2225 475 2293 est,
506 2220 581 2279 sicut
601 2220 681 2276 testis
704 2225 748 2278 est
767 2217 837 2278 mihi
858 2219 1014 2291 Dominus,
1045 2215 1103 2276 dixi

77 2304 110 2366 sd
137 2305 255 2384 gloriam
282 2304 385 2364 Christi
411 2312 498 2380 atque
527 2305 746 2380 catholicorum,
785 2311 814 2366 et
842 2305 881 2374 ad
908 2304 1103 2366 confusionem

77 2387 283 2453 haereticorum.
321 2390 522 2454 NOVIOIUS:
545 2391 728 2454 Satislaetum
748 2392 817 2451 milri
844 2393 943 2467 fateor,
963 2398 1104 2469 quantum

78 2482 178 2554 matins
213 2486 374 2540 mereantur
405 2478 490 2556 digne
522 2480 779 2554 communicantes,
811 2497 887 2539 nune
915 2479 954 2539 ad
986 2477 1103 2557 indigne

80 2566 251 2627 conficientes
284 2582 376 2628 sermo
412 2563 556 2642 procedat.
606 2564 841 2626 MONACHUS:
876 2566 959 2626 Prius
982 2566 1039 2632 ,tibi
1068 2583 1103 2626 ex

80 2655 216 2730 seripturis
230 2653 386 2728 ostendam,
401 2670 486 2728 quam
502 2652 671 2728 periculose,
692 2658 825 2729 atquem
845 2655 971 2730 graviter
982 2657 1105 2728 pereant

80 2740 232 2802 mandates
251 2740 367 2818 indigue
389 2740 579 2802 conficientes.

422 2931 655 2993 cAPurULUM
674 2932 755 2992 LIII.

267 3055 316 3116 De
335 3055 533 3116 sacerdotibus
553 3055 673 3131 iadi9ne
693 3052 915 3132 conlidentibus.

139 3175 216 3237 Sicut
234 3177 336 3255 legitur
356 3180 386 3238 iu
402 3178 525 3253 Regum,
548 3175 609 3237 Oua
630 3175 763 3236 sacerdos
784 3175 878 3236 bobus
899 3163 1126 3236 recalcitrant-⁸

84 3258 132 3320 bus
160 3263 196 3322 ad
223 3283 319 3326 arcam
346 3283 384 3325 ne
407 3263 560 3324 declinaret
580 3280 697 3322 manum
719 3262 859 3338 extendit,
881 3268 911 3322 et
932 3280 999 3324 mox
1020 3279 1106 3339 super

85 3351 229 3411 temeritate
241 3369 306 3412 eum
318 3352 459 3412 Dominus
473 3347 614 3430 oceiditll.
658 3347 769 3410 Dirit'm
790 3349 998 3414 eademmoate
1017 3350 1105 3410 fuisse

86 3448 143 3494 oum
166 3453 252 3498 uxore
280 3457 342 3498 sua.
385 3437 416 3498 Si
444 3438 577 3498 sacerdos
605 3437 745 3498 accedeus
773 3437 811 3496 ad
839 3455 936 3497 aream
957 3434 1105 3514 iigrualem

85 3519 290 3601 sublevandam,
325 3526 362 3586 ob
390 3527 448 3584 iam
477 3524 581 3584 dietam
610 3541 729 3600 eausam
756 3530 847 3584 morte
874 3523 1028 3584 muletatus
1053 3527 1106 3597 est,
1183 3533 1186 3548 ·

87 3607 145 3682 quid
171 3619 252 3688 putas
272 3629 383 3690 poenae
404 3618 547 3672 merentur
568 3611 731 3672 sacerdotes
753 3611 873 3671 adulteri
898 3618 927 3672 et
946 3609 1105 3683 fornicarii,

89 3805 115 3876 l)
129 3808 149 3863 ll
163 3813 318 3886 reliquiis.
338 3843 369 3856 -
383 3764 772 3884 illusissetgermmismus
790 3822 843 3865 ests
860 3811 948 3866 wollin
966 3825 995 3864 er
1011 3807 1105 3880 gethea

144 3879 216 3937 hate.
251 3885 418 3939 cluisset.
439 3913 469 3926 -
489 3885 521 3954 ³)
540 3885 557 3942 P
574 3884 659 3938 inde.
678 3913 708 3924 -
728 3883 761 3951 l)
778 3882 840 3950 Reg.
859 3882 889 3948 ll,
906 3883 931 3934 6.
