2506 4254
432 265 487 330 DE
509 265 737 332 madetis.
1038 273 1101 332 225

79 395 259 468 cognomento
280 389 422 450 Scethart.
464 390 521 450 Hic
542 398 608 452 ante
637 394 851 452 conversionem
872 393 901 450 in
933 395 1019 452 armis
1041 399 1102 453 erat

78 486 134 538 tarn
152 484 290 552 sumnus,
310 479 340 536 in
353 478 453 536 militia
464 485 523 537 inm
536 481 707 554 nominatus,
722 486 761 537 ut
774 496 849 556 pene
870 495 969 539 omues
991 480 1102 547 nobiles

79 571 162 625 mrrae
181 570 297 624 nostrae
320 567 447 624 certatim
463 568 489 624 ei
508 583 564 626 sua
584 566 761 640 munuscula,
783 565 940 626 dextrarios
960 565 1102 642 videlicet,

80 658 108 712 et
116 653 280 712 vestimenta
296 654 420 726 pretioso
432 651 590 728 dirigerent,
604 659 745 728 quatenus
758 653 837 712 illurn
850 652 904 712 sibi
918 655 1101 713 associarent.

80 737 131 800 llio
149 739 273 815 quadam
294 737 362 796 dum
383 739 526 814 quaedam
546 739 644 815 puella
665 739 816 800 duodecim
838 755 976 798 annorum
1004 742 1101 800 cuius-

80 823 142 886 dam
160 825 254 886 militis
275 824 349 900 filia,
380 827 410 883 in
442 825 566 901 quadam
595 826 698 886 sedem
726 827 863 901 ecclesia,
892 825 1067 902 areligiosis
1083 824 1100 907 ¹)

79 913 292 986 exorcizaretur,
312 913 342 970 in
362 914 450 972 risum
470 912 596 972 resoluta
618 913 771 974 clamavit:
792 914 869 973 Ecce
889 916 998 973 amicus
1019 930 1101 974 meus

80 1000 165 1075 uenit,
185 1015 253 1058 cece
273 1001 382 1058 amicus
403 1015 485 1060 meus
505 1002 592 1059 venit
633 1000 855 1076 Requirentibus
875 1000 931 1058 illis
942 996 963 1080 ²)
985 998 1021 1060 de
1043 1015 1100 1076 quo

81 1084 186 1160 diceret,
205 1085 428 1161 responditilla:
449 1086 529 1146 Bene
550 1085 683 1146 videbitis
704 1104 779 1147 enm.
822 1087 947 1146 Dicebat
968 1089 1043 1145 enim
1065 1087 1101 1147 de

80 1171 215 1248 praedicto
230 1170 327 1247 milite,
348 1175 397 1246 qui
414 1172 514 1232 eadem
532 1173 603 1232 hora
617 1175 688 1233 satis
704 1180 830 1234 remotus
842 1174 934 1234 luerat
947 1173 984 1232 ab
1007 1173 1101 1234 cccle-

80 1261 128 1318 sia
157 1257 210 1335 Qui
231 1259 420 1334 quantoplus
440 1257 679 1340 propinquanti),
699 1267 780 1320 tanto
802 1259 867 1336 plus
887 1260 937 1320 illa
956 1255 1116 1320 exultauit

81 1343 133 1420 Qui
160 1361 224 1406 curn
252 1344 402 1406 ecclesiam
421 1347 554 1421 intraret,
585 1345 634 1405 illa
656 1349 683 1406 ei
709 1363 876 1424 assurgens,
909 1354 939 1406 ct
970 1348 1101 1408 manibus

78 1431 220 1508 plaudens,
248 1431 383 1491 salutarit
411 1448 488 1515 eum,
506 1432 617 1492 dicens:
638 1433 715 1494 Ecce
736 1437 789 1504 iste
811 1437 984 1494 catamitus
1005 1451 1101 1509 meus,
1138 1484 1143 1494 ,

80 1519 163 1578 cedite
189 1517 295 1593 cedite,
317 1521 398 1578 sinite
419 1519 498 1578 illurn
519 1522 755 1595 appropinquare.
798 1520 869 1580 Erat
889 1522 965 1578 enim
985 1521 1101 1582 indutus

79 1607 198 1665 uestibus
211 1607 359 1682 purpureis
380 1611 467 1680 atque
490 1603 680 1686 cultellatis⁴).
710 1606 766 1682 Qui
788 1624 854 1665 cum
875 1609 1043 1667 accessisset
1063 1605 1102 1668 ad

79 1707 151 1766 eam,
181 1699 210 1752 et
240 1691 372 1766 dixisset,
404 1710 467 1751 sum
489 1709 543 1769 ego
575 1693 686 1753 amicus
707 1692 796 1752 tuus?
829 1693 975 1769 respondit
995 1711 1047 1769 per
1068 1711 1101 1756 os

78 1779 182 1853 puellae
203 1778 352 1839 diabolus:
374 1779 468 1838 Etiam
489 1783 599 1840 amicus
621 1797 702 1840 meus
724 1783 868 1856 optimus,
890 1796 1004 1839 ornnem
1026 1783 1101 1840 eninr

80 1864 246 1926 voluntatem
272 1882 368 1928 ¹meeum
389 1863 467 1924 iacis.
509 1866 556 1926 De
579 1883 636 1942 quo
657 1865 746 1926 verbo
768 1866 850 1926 miles
872 1869 941 1926 satis
969 1869 1101 1928 turbatus

80 1959 133 2026 cst,
151 1953 215 2013 licet
236 1952 433 2012 dissimularet
475 1951 631 2014 Subridens
652 1959 748 2013 minen
770 1956 811 2012 sie
834 1953 888 2013 ait:
911 1953 957 2012 Tu
980 1954 1101 2016 daemon

79 2038 175 2098 stritus
196 2057 226 2100 es
249 2046 278 2098 et
298 2039 402 2098 fatuus
444 2039 476 2102 Si
497 2039 622 2116 pnrdens
644 2057 737 2116 esses,
764 2041 914 2100 nobiseum
935 2041 974 2099 ad
1002 2047 1101 2102 rona·

79 2133 167 2186 rncnta
187 2143 329 2204 pergeres,
349 2127 496 2201 inquibus
517 2126 648 2187 homines
671 2131 820 2203 capiuntur
831 2123 852 2207 ⁶)
875 2134 904 2186 ct
926 2127 1101 2190 occiduntur.

79 2209 116 2270 Ut
140 2212 205 2288 quid
233 2215 295 2272 sine
317 2229 405 2272 cauea
424 2214 660 2290 veroapuellanr
681 2214 756 2274 hane
776 2217 928 2274 innocuam
950 2231 1023 2290 quae
1044 2231 1102 2276 non
1147 2247 1150 2255 ,

78 2298 225 2372 peccarit?
268 2299 391 2359 Dicente
411 2297 535 2375 diabolo,
559 2301 585 2360 si
606 2305 650 2360 vis
671 2307 704 2360 ut
724 2308 819 2361 tecum
840 2317 966 2378 pergam,
988 2302 1049 2362 sine
1070 2310 1103 2361 ut

79 2385 171 2446 intrem
189 2389 219 2446 in
240 2401 344 2462 corpus
365 2393 461 2462 tuum3
483 2387 629 2463 respondit
663 2388 758 2448 miles:
786 2387 869 2448 Certe
899 2403 957 2448 non
985 2389 1102 2448 intrabis

79 2472 175 2533 mma.
205 2474 244 2532 Et
264 2471 415 2532 diabolus:
429 2473 570 2533 'Concede
591 2481 625 2534 ut
645 2473 762 2533 sedeam
781 2474 811 2533 in
833 2475 904 2534 sella
924 2483 984 2534 tua.
1017 2473 1102 2552 Quod

79 2573 138 2617 cunr
156 2568 307 2638 negasset,
334 2562 434 2636 petivit
462 2560 557 2620 locum
578 2563 608 2620 in
637 2561 735 2636 allqna
756 2567 837 2636 parte
860 2563 926 2636 equi
947 2561 995 2621 vel
1016 2563 1101 2638 freni,

80 2660 146 2720 quae
166 2649 376 2723 omnianegatu
397 2653 463 2706 sunt
485 2649 518 2707 ei.
560 2646 611 2707 Ad
632 2666 718 2723 quern
732 2651 845 2707 rursum
867 2648 1014 2708 diabolus:
1035 2645 1102 2708 Non

79 2747 185 2807 possum
206 2733 295 2809 pedes
317 2749 437 2793 currere.
479 2734 508 2793 si
531 2736 576 2793 vie
598 2742 629 2793 ut
641 2741 735 2794 tecum
749 2735 864 2810 vadam,
886 2735 1010 2809 aliquem
1032 2735 1101 2794 mihi

80 2817 171 2878 ιιιΙῑιιιι
191 2821 287 2880 locum
316 2819 457 2880 concedas
478 2822 554 2880 cirea
575 2828 613 2880 te.
655 2821 740 2880 Miles
772 2839 842 2881 vero
874 2821 987 2897 puellae
1020 2839 1102 2881 corn·

79 2920 180 2981 puers,
200 2909 240 2966 nit
255 2906 399 2986 daemoni:
421 2906 453 2968 Si
473 2906 552 2968 illam
573 2907 697 2969 volueris
712 2907 851 2982 descrere,
872 2907 1027 2968 concedam
1049 2910 1101 2968 tibi

80 3006 157 3050 unam
184 2993 320 3072 lingulam
346 2989 423 3069 pallii
445 2997 517 3069 mei,
550 2994 800 3064 tali-qoondlticne
828 3001 862 3054 ut
887 2996 918 3052 in
947 2995 1025 3055 nullo
1054 3013 1101 3055 mc

79 3074 173 3156 laedas,
195 3087 224 3141 et
245 3081 354 3139 tamdiu
367 3081 437 3139 mihi
454 3081 620 3157 adhaereas,
642 3081 777 3157 quamdiu
791 3089 969 3142 tornamento
985 3099 1101 3158 quaero.

79 3162 191 3240 Quando
203 3167 254 3226 tibi
275 3181 456 3243 praecepero,
477 3169 554 3227 bona
566 3175 617 3230 tua
637 3167 784 3227 voluntate
796 3171 857 3228 sine
879 3169 1102 3232 contradictione

78 3251 193 3313 recedes.
234 3252 273 3312 Et
292 3257 397 3314 iuravit
419 3255 444 3314 ei
466 3251 596 3314 diabolus
619 3255 729 3314 dicens:
752 3254 816 3313 Non
839 3261 867 3315 te
888 3255 1019 3328 laedam,
1050 3257 1101 3318 sed

78 3340 252 3412 promovebo.
294 3341 457 3416 Exiensque
480 3339 515 3400 de
536 3341 641 3418 puella,
661 3341 785 3418 lingulae
807 3342 884 3418 pallii
907 3345 968 3402 eius
990 3343 1103 3420 insiliit,

77 3423 188 3486 mirabili
210 3433 289 3488 motu
312 3444 343 3486 se
371 3428 504 3503 prodens.
547 3427 594 3488 Ab
625 3427 673 3498 illa
700 3427 773 3488 hora
801 3433 912 3488 tantum
944 3430 1050 3506 gloriae
1072 3432 1100 3487 in

77 3515 250 3574 tornamentis
286 3513 368 3572 militi
410 3515 544 3590 accessit,
577 3521 609 3574 ut
630 3531 702 3591 quos
732 3513 834 3580 lancea
867 3516 986 3575 deiicere
1014 3513 1102 3575 vellet

77 3595 213 3678 deiceret,
247 3613 320 3676 quos
349 3614 451 3677 capere
480 3606 602 3678 caperet.
657 3601 729 3662 Cum
757 3607 842 3663 eunte
868 3603 943 3678 ibat,
975 3608 1004 3661 et
1035 3618 1102 3661 cunr

79 3767 121 3838 ’1)
136 3783 150 3822 a
167 3769 337 3839 religiosis
355 3785 396 3822 orn
414 3769 489 3822 ΑΒΕ.
508 3795 539 3810 -
559 3769 591 3836 2)
608 3769 676 3822 iliis
693 3785 735 3822 cm
752 3769 828 3823 ΔΒΕ.
846 3799 879 3810 -
898 3769 929 3840 3)
950 3769 969 3822 Β
987 3785 1103 3837 apprc-

137 3840 416 3908 piaquuuit.-4]
435 3837 455 3892 (l
474 3837 652 3892 cutellntis.
673 3867 704 3880 -
723 3837 1067 3907 amatripiensem.

764 3910 843 3982 10*
