2506 4254
379 257 433 327 on
455 265 736 329 Monmnrmos.
851 241 853 250 ’
976 262 979 270 ·
1014 270 1075 328 ser

50 387 201 449 concludit:
223 389 282 448 Hie
303 393 398 449 iustus
420 397 469 462 ert,
490 393 554 449 uita
576 391 659 461 uiuet,
682 388 788 448 scilieet
802 394 927 464 aeterna,
949 393 992 450 ait
1007 391 1075 449 Do-

49 481 141 536 minus
163 477 253 536 Deus.
296 476 341 535 De
364 477 438 535 male
459 478 589 549 vivente,
611 482 640 535 et
661 475 735 534 male
757 477 893 534 moriente
907 493 981 535 ‘mox
1003 478 1075 537 sub-

48 563 135 639 iungit
168 562 279 623 dicens:
310 563 443 640 Quodsi
464 566 597 638 qenuerit
618 563 764 622 iatronem
786 561 981 637 effundentem
1002 582 1075 623 son-

48 652 174 723 quinem,¹
194 652 364 708 enumeratis
378 647 473 708 muliis
486 649 618 724 operibus
629 650 791 722 iniustitiae,
811 651 841 706 in
862 647 918 708 fine
936 651 978 710 sio
992 651 1073 712 dieii:

47 735 199 811 Numquid
219 737 317 795 uiuet?
338 737 409 794 Non
430 738 515 795 vivet.
556 734 629 794 Cum
651 738 790 794 universa
811 735 881 793 haee
903 735 1075 796 detestanda
1176 755 1192 776 ¹·

46 821 151 896 feeerit,
173 830 267 882 morte
287 827 438 894 morietur,
460 821 568 881 seilicet
589 827 713 896 aeterne,
735 824 856 896 sanquis
878 825 938 880 nne
960 826 992 880 in
1012 826 1075 898 ipso
1138 859 1142 864 -

48 911 105 967 eit.
148 909 195 970 De
217 926 251 969 eo
274 905 399 988 eutem)
423 911 471 984 qui
493 908 567 967 male
588 911 667 982 vixit,
689 914 717 966 et
737 907 859 967 finaliter
879 910 1013 985 poenitet,
1034 911 1075 970 sie

48 995 97 1053 aii·
118 995 152 1056 Si
174 1003 273 1055 autem
294 999 401 1071 iumine
423 999 513 1070 eqerit
528 998 692 1070 poenitent
681 1012 743 1053 eam
764 993 802 1053 ab
825 995 958 1054 omnibus
971 1014 1075 1070 peteo-

49 1083 81 1139 tis
100 1085 162 1142 suis
183 1100 260 1160 qnae
282 1089 421 1157 operatus
443 1089 499 1152 est,
522 1089 548 1140 et
570 1082 738 1141 antediemt
758 1085 898 1140 universa
916 1091 1075 1158 praecepta

48 1184 116 1243 mea,
139 1176 167 1228 et
186 1169 289 1245 feeerit
277 1169 450 1227 tiudieium
472 1176 500 1227 et
520 1171 671 1240 iustitiam,
693 1171 757 1227 oita
778 1172 863 1241 uiuet,
885 1174 914 1226 et
933 1186 996 1227 non
1008 1187 1074 1228 mo-

47 1257 144 1314 netur.
178 1256 319 1314 Omnium
340 1257 531 1330 iniquitatum
553 1258 613 1312 eius
635 1272 711 1330 quos
726 1261 865 1330 aquatus
888 1262 929 1338 est
950 1273 1012 1314 non
1025 1275 1074 1314 re-

48 1341 195 1400 eordabor.
233 1343 274 1401 In
294 1345 406 1400 iustitia
426 1359 483 1400 sua
505 1359 597 1417 quam
619 1347 758 1415 operatus
780 1349 822 1401 est
842 1345 927 1400 vimi.
959 1341 1074 1402 NOVI·

49 1423 145 1488 CIUS.
167 1409 276 1505 Magna
297 1427 461 1487 consolatio.
503 1426 734 1486 MONAOHUS:
757 1427 822 1486 Non
844 1430 936 1486 minus
951 1430 1074 1490 terribile

48 1519 86 1571 est
106 1515 337 1590 quodsequitur:
360 1515 503 1573 Stantem
518 1517 657 1572 auerterit
677 1532 707 1572 se
728 1517 833 1573 iustus
845 1533 865 1571 a
878 1517 991 1573 iustitia
1007 1534 1072 1588 sua,

49 1607 73 1658 ιι
90 1601 191 1676 feeerit
210 1604 411 1677 iniquitatem,
439 1601 599 1660 seeundum
621 1617 719 1658 omnes
749 1599 980 1659 abominationes
1003 1619 1074 1662 suar

49 1704 118 1761 quoe
140 1692 257 1764 operari
278 1689 350 1746 solet
369 1691 485 1763 immine,
507 1687 654 1762 numquid
673 1687 769 1746 viaet?
814 1687 921 1744 Omnes
942 1691 1073 1753 institiae

50 1777 104 1832 eins
126 1793 200 1850 quos
220 1775 340 1850 fecerat,
362 1791 423 1832 non
444 1773 689 1833 recordabuntur.
716 1773 755 1831 In
775 1779 894 1847 peceato
915 1791 970 1832 suo
992 1777 1074 1850 quod

47 1866 178 1935 peccavit,
198 1865 290 1919 morie
292 1859 380 1936 tur²).
423 1860 525 1920 Petrus
546 1861 663 1919 bene
636 1861 706 1918 vrxit
729 1866 759 1918 et
777 1860 851 1918 bene
872 1859 971 1919 finivit.
1014 1861 1073 1938 Sy-

50 1961 110 2006 mon
137 1948 241 2024 Magus
271 1948 427 2006 econtrario
456 1947 531 2006 male
552 1943 623 2005 vixit
645 1951 673 2005 et
694 1945 768 2005 male
790 1946 888 2005 finivit.
930 1947 986 2006 Lei
974 1955 1018 2008 tro
1042 1952 1071 2008 in

51 2035 221 2094 omnemne
244 2031 387 2114 quidemr)
410 2036 527 2106 vixerat,
549 2033 966 2093 sedbeneeonsummevitr
953 2035 1072 2113 Nyoho-

50 2116 106 2178 leus
133 2120 245 2180 advene
274 2119 396 2179 ereditur
423 2122 500 2196 prius
523 2121 596 2179 bene
617 2123 737 2193 vixisse,
766 2120 896 2180 sednon
918 2122 994 2181 bono
1016 2123 1072 2184 fine

53 2206 188 2266 conclusit.
230 2206 432 2268 NOVICIUS:
455 2207 551 2282 Quare
572 2207 640 2265 boni
662 2209 751 2282 bene,
773 2215 802 2266 et
822 2207 889 2266 maii
911 2209 985 2268 male
1006 2228 1071 2270 mo·

51 2293 164 2368 sienim,
192 2296 321 2370 quaestio
343 2294 411 2352 mihi
433 2294 511 2352 nulle
540 2300 598 2368 est;
631 2309 718 2369 quare
740 2301 837 2353 autem
859 2294 906 2352 diu
928 2296 1002 2354 bene
1024 2299 1072 2355 vi-

53 2387 143 2440 ventes
163 2398 218 2440 non
240 2386 430 2457 perseverent,
452 2388 480 2439 et
501 2379 550 2438 din
571 2380 646 2438 maie
666 2384 796 2440 viventes
816 2382 893 2440 bono
915 2381 971 2440 fine
985 2383 1072 2443 deee-

53 2462 122 2541 dant,
141 2484 225 2526 nosse
247 2466 359 2526 vellem.
401 2466 635 2526 MONAOHUS:
657 2467 722 2526 Non
744 2485 808 2526 sum
830 2467 917 2526 chusi
939 2470 1072 2529 consilia-

54 2552 103 2610 rius
124 2554 226 2614 David.
270 2554 341 2629 Quis
363 2556 437 2612 enim
459 2556 539 2612 novit
560 2571 676 2612 sensum
696 2553 821 2628 Domini,
843 2560 893 2612 aut
916 2557 979 2629 quis
1001 2573 1072 2616 eon-

54 2637 162 2700 siliarius
191 2643 251 2699 eius
278 2637 380 2719 iuit²)?
422 2639 625 2700 NOVICIUS:
656 2639 738 2716 Quae
761 2647 805 2699 est
825 2657 900 2699 mors
922 2642 1013 2716 bone,
1044 2649 1072 2701 et

54 2741 120 2798 quoe
141 2735 183 2787 est
204 2744 279 2786 mors
301 2725 398 2786 mala?
420 2725 656 2785 MONACHUS:
679 2727 734 2802 Qui
756 2729 785 2786 in
808 2729 924 2786 ueritate
946 2727 1073 2802 decedit,

54 2825 98 2882 nor
123 2813 216 2873 lumen
239 2815 299 2873 eius
320 2813 429 2873 videbit
450 2813 545 2872 lumen
568 2820 724 2872 aeternum.
767 2814 843 2872 Hine
865 2821 909 2872 est
930 2814 1006 2888 quod
1027 2815 1073 2874 so·

54 2899 85 2955 ris
94 2895 112 2978 ⁵)
139 2903 289 2960 morientes
317 2901 414 2959 lumen
442 2899 544 2958 ardens
576 2905 672 2959 tenent
692 2903 721 2957 in
743 2900 882 2959 manibus.
926 2900 983 2976 Qui
1004 2919 1073 2962 vero

54 2985 107 3044 sino
135 2989 250 3046 caritate
278 2990 408 3062 moritur,
436 2989 563 3046 mittetur
591 2989 621 3044 in
649 2988 781 3046 tenebras
803 2989 965 3046 exteriores.
1008 2988 1074 3050 Una

50 3073 121 3134 onim
141 3076 286 3147 sententie,
307 3075 398 3133 omnis
410 3073 483 3132 haee
497 3073 645 3132 diversitas
657 3072 848 3134 concluditur·
873 3075 1006 3151 Qualem,
1028 3081 1074 3136 in-

56 3160 115 3232 quit,
135 3164 185 3220 te
174 3179 318 3233 invenero
341 3161 428 3218 talem
452 3168 478 3220 te
491 3159 636 3219 iudicabo.
667 3158 868 3221 NOVICIUS:
891 3160 1075 3224 Satisieeium

56 3245 115 3306 nihi
134 3247 222 3306 fateor
242 3265 294 3323 per
316 3249 485 3321 sententias,
508 3263 583 3305 nune
598 3264 698 3322 precor
719 3253 751 3305 ut
765 3246 896 3323 exempla
910 3249 1076 3328 subiungas.

56 3327 276 3393 MONACHUS:
298 3333 415 3392 Fauiam
438 3333 515 3407 qnod
536 3332 666 3408 hortaris,
688 3340 717 3392 et
737 3332 793 3392 hoe
814 3335 973 3394 seeundum
997 3336 1076 3396 ordi-

57 3432 113 3478 nem
146 3421 330 3496 praedictum.
381 3418 473 3495 Quom
503 3423 627 3495 pretiose
655 3423 692 3479 sit
717 3423 747 3479 in
776 3429 932 3498 conspeetu
959 3423 1077 3482 Domini

57 3518 124 3565 mors
150 3515 312 3578 sanctornm
342 3507 416 3580 eius,
445 3512 473 3565 et
501 3523 576 3566 mors
597 3514 780 3583 peecatorum
803 3525 889 3583 quam
910 3506 1077 3587 pessimar),

59 3591 173 3654 subiecta
195 3590 405 3672 declarabunv)
429 3593 567 3668 exempla.

75 3689 373 3756 i)eutemon1B
394 3689 920 3760 2JEzech18.-3)Bcliiatro
927 3689 1077 3743 eidemin

118 3777 208 3814 eruce
233 3760 378 3814 mole.-
399 3761 430 3827 i)
448 3759 518 3811 Rom.
538 3761 586 3824 11,
603 3763 695 3815 :ta-
716 3763 771 3829 5)·
765 3777 790 3812 m
808 3709 920 3812 soeculoq
935 3760 1006 3812 Coni.
1026 3759 1079 3825 vn,

118 3831 206 3884 22.-
225 3831 257 3900 6)
277 3829 340 3882 Pssi
359 3831 418 3892 115,
437 3831 477 3881 15.
496 3831 539 3895 ³3,
556 3831 685 3882 22-
669 3828 938 3898 7)Bdeelnront
