2608 4252
192 255 234 312 44
499 252 727 318 DISTINOTIO
749 254 923 318 SEPTIMA

191 372 321 448 spondit:
351 371 465 450 Optime
493 377 562 436 milri
590 376 685 452 placet
714 377 783 437 crdo
812 384 842 437 et
869 379 943 438 bene
963 375 1074 453 habeo,
1102 375 1155 436 sed
1174 391 1224 456 per

191 465 305 537 tempus
332 460 417 521 valde
438 462 513 522 male
534 464 630 522 habui.
671 463 866 542 Interrogatus
887 464 922 525 de
952 481 1056 539 causa,
1082 465 1148 540 quia
1168 462 1224 522 ho-

99 619 103 640 ·
191 548 298 606 minem
319 547 416 608 dilexit
444 557 473 610 et
493 550 643 610 aedificare
665 551 770 626 voluit,
797 553 954 612 subiunxit:
983 550 1105 627 Quando
1131 551 1224 626 primo

191 649 347 696 conversus
375 654 455 711 snm,
482 639 523 696 ita
553 643 632 696 erant
652 637 721 696 mihi
742 656 844 715 graves
865 639 1017 698 sollemnes
1038 637 1165 714 vigiliae,
1193 642 1225 695 ut

191 723 436 799 quotienscunque
451 725 601 799 oportebat
614 743 660 784 me
673 727 714 784 ire
728 725 765 784 ad
779 728 940 799 matutinas,
960 727 1062 784 timore
1083 742 1117 784 ac
1129 723 1223 784 taedio

189 807 302 882 illarum
322 816 382 870 tam
405 827 522 885 corpore
544 828 631 885 quarn
653 811 738 870 corde
760 813 944 871 tabescerem.
987 811 1079 872 Nootc
1101 810 1223 887 quadam

190 894 334 956 defectum
354 914 472 972 passus,
501 913 567 956 cnm
588 903 664 958 stare
685 915 743 957 non
764 915 892 974 possem,
921 917 940 957 a
960 897 1059 958 Priore
1082 898 1117 958 de
1137 899 1223 958 choro

189 999 254 1042 sum
276 983 404 1056 ednotus,
426 989 455 1041 et
475 985 504 1040 in
526 983 595 1042 sede
616 985 789 1044 infirmorum
811 989 929 1061 positus,
951 1001 1090 1046 converso
1112 984 1148 1045 ad
1170 1001 1223 1044 cu-

189 1070 312 1128 stodiam
340 1069 411 1128 mihi
439 1069 584 1145 deputato.
604 1145 606 1150 ,
627 1071 697 1130 Mox
719 1073 748 1130 in
770 1075 860 1131 extasi
880 1072 987 1146 tactus,
1017 1071 1223 1149 contemplatus

189 1173 253 1214 snrn
286 1155 430 1214 dominam
465 1157 665 1234 clarissimam,
705 1175 791 1233 qnam
822 1159 925 1218 diversi
952 1158 1057 1218 ordinis
1085 1173 1222 1234 personas

189 1241 416 1318 presumebant,
437 1261 488 1320 per
509 1247 586 1322 vjam
608 1262 682 1320 quae
705 1252 765 1304 erat
786 1248 858 1306 inter
879 1263 925 1304 me
947 1251 975 1304 et
997 1245 1123 1321 eborum,
1142 1247 1221 1304 ince-

189 1329 313 1388 dentem.
355 1329 492 1390 Habebat
520 1334 595 1390 enim
623 1334 651 1389 in
674 1334 766 1406 capite
788 1349 923 1392 coronam
945 1331 1123 1392 diversorum
1144 1331 1220 1392 colo·

188 1433 266 1490 rum,
299 1426 328 1478 st
356 1423 427 1476 erat
446 1435 525 1478 more
552 1417 675 1478 Judaieo
704 1418 808 1478 velata.
852 1418 981 1494 Cumque
1009 1419 1080 1478 mibi
1106 1421 1220 1495 propin-

189 1509 306 1578 quasset
322 1499 348 1584 ¹),
370 1507 452 1580 quasi
473 1522 508 1564 ex
520 1507 688 1565 necessitate
710 1523 756 1564 me
774 1512 903 1581 tangens,
924 1512 1005 1565 veste
1026 1507 1170 1582 percussit,
1192 1509 1220 1564 ct

189 1607 257 1650 ecce
277 1591 372 1650 subito
395 1591 585 1667 confortatus,
604 1594 646 1651 ita
667 1594 758 1658 omnis
779 1593 924 1668 praedicta
944 1595 1063 1652 tentatio
1086 1593 1220 1669 conquie-

188 1679 238 1752 vit,
259 1683 291 1736 ut
307 1679 349 1753 ,ab
371 1678 420 1738 illa
433 1679 505 1738 hora
519 1678 636 1738 deliciae
658 1677 727 1738 mihi
747 1681 803 1738 sint
823 1681 863 1738 ire
885 1678 923 1738 ad
937 1683 1101 1740 matutinas.
1130 1679 1216 1756 Spero

111 1813 113 1816 .
189 1763 266 1841 quod
286 1764 413 1825 Domina
440 1773 538 1825 nostra
566 1765 664 1840 tuerit,
694 1783 767 1840 quae
789 1765 984 1841 pusillanimes
1005 1767 1158 1842 confortat,
1182 1779 1218 1822 ne

187 1853 337 1912 tentationi
357 1854 554 1912 succumbant
597 1852 643 1912 De
665 1851 709 1912 his
740 1870 826 1912 arne
847 1854 998 1927 requisitus
1018 1852 1095 1912 idern
1115 1851 1218 1912 Henri·

188 1957 248 2015 cus,
268 1956 326 1997 non
346 1942 471 2016 negarit.
515 1938 600 2014 Quod
627 1956 695 1998 vero
718 1945 860 2015 torpentes
882 1938 920 1998 ad
941 1939 1122 2000 devotionern
1143 1939 1218 2000 exci-

187 2019 239 2101 tet
256 2025 348 2086 habes
369 2025 530 2102 exemplum
561 2027 591 2083 in
612 2026 790 2085 distinctione
812 2032 914 2102 quarta
935 2025 1059 2102 capitulo
1080 2027 1217 2087 tricesimo

188 2112 224 2174 dc
239 2112 397 2173 Christiano
420 2112 560 2172 monacho
583 2119 688 2187 nostro,
710 2130 795 2189 quern
815 2115 845 2172 in
862 2114 984 2171 oratorio
1008 2103 1218 2189 dormientem2)

188 2201 281 2277 tetigit
302 2199 414 2260 dicens:
435 2200 499 2259 Non
523 2206 566 2258 est
587 2199 633 2258 hio
648 2199 866 2274 dormitandum,
887 2199 1109 2259 sed'orandum.
1149 2193 1218 2258 NO-

187 2285 334 2349 VICIUS:
356 2286 437 2346 Bene
458 2285 590 2346 recordor
609 2286 693 2345 huius
715 2286 839 2361 capituli.
881 2283 1115 2346 MONAOHUS:
1137 2281 1219 2361 Quod

188 2391 256 2436 vero
278 2391 330 2450 pro
352 2375 411 2432 suis
438 2375 514 2432 vitiis
537 2373 572 2432 de
595 2373 693 2433 ordine
716 2375 810 2447 eiecti,
837 2362 941 2433 beatas
962 2373 1090 2450 Virginis
1111 2372 1219 2432 miscri-

188 2461 285 2523 ccrdia
305 2466 482 2536 revocentur,
504 2477 625 2536 sequens
647 2477 740 2520 sermo
763 2458 927 2519 declarabit

505 2631 737 2706 CAPITULUM
760 2631 911 2692 XXXVI.

229 2761 278 2820 Dc
297 2759 428 2818 Henrico
449 2755 594 2814 monneto
616 2759 711 2827 eiecto,
734 2757 786 2830 qut
806 2757 916 2812 metitis
938 2751 1178 2814 beataemariae

597 2849 729 2916 receptus
759 2847 808 2899 est.

250 2948 361 3010 Eodem
392 2955 521 3025 ternpore
550 2963 607 3022 quo
628 2945 733 3003 Daniel
759 2942 916 3002 monachus
943 2945 972 3001 in
994 2940 1219 3016 Hemmenrode,

76 3031 78 3036 ’
186 3035 231 3094 vir
250 3036 371 3112 simplex
393 3043 422 3095 et
442 3042 549 3108 rectus,
577 3033 707 3091 ultimam
727 3029 825 3090 incidit
844 3029 1052 3106 infirmitatem,
1071 3029 1220 3090 laborabat

185 3123 215 3180 in
246 3121 349 3182 eadem
381 3122 466 3182 domo
495 3120 621 3198 ydropisi
649 3119 721 3178 alius
750 3116 866 3194 quidam
893 3115 1053 3176 monachus
1080 3116 1219 3177 Henricus

185 3209 314 3283 nomine,
336 3208 434 3268 ordine
455 3207 606 3280 sacerdos,
627 3223 685 3274 non
706 3212 803 3265 tamen
825 3202 919 3270 adhuc
940 3202 1015 3262 lecto
1038 3202 1219 3274 decumbens,

184 3294 236 3354 ssd
265 3294 411 3355 ambulare
438 3292 519 3375 vix³)
548 3294 699 3354 sufficiens.
742 3290 799 3369 Qui
827 3289 864 3348 ad
892 3281 1218 3366 lectuminfirmitatiffl)

185 3383 363 3458 appropians,
384 3380 457 3440 haec
478 3382 568 3440 verba
589 3381 626 3440 ab
649 3379 750 3438 eodem
771 3374 892 3436 Daniele
912 3373 1038 3434 audivit:
1059 3373 1219 3435 Monachus

184 3468 231 3528 ille
252 3468 357 3528 multas
369 3467 458 3528 habet
478 3467 582 3526 beatae
595 3467 705 3542 Virgini
725 3464 827 3524 referre
845 3463 959 3538 gratias.
990 3459 1122 3521 Audiens
1136 3455 1218 3540 hoc⁸)

118 3617 122 3628 ’
204 3619 273 3691 1)Β
297 3618 608 3686 appropinquasset.
633 3643 664 3654 -
689 3614 721 3681 2)
745 3613 765 3666 B
790 3611 1030 3663 dormitantem.
1057 3637 1091 3652 -
1116 3612 1149 3682 3)
1175 3609 1217 3666 ΑΙ)

255 3687 314 3742 sed
338 3686 528 3750 ambulavit,
553 3684 574 3736 C
597 3682 655 3735 sed
680 3684 734 3736 vix
760 3679 940 3743 ambulare,
966 3677 1007 3730 ΒΡ
1033 3679 1091 3730 sed
1115 3681 1219 3734 ambu-

253 3759 389 3883 ὒατέὲθῑ
414 3757 447 3824 4)
464 3754 505 3807 DP
529 3753 740 3808 infirmantis.
775 3749 847 3806 coni.
870 3747 915 3811 lV,
940 3746 981 3797 15.
1005 3761 1031 3813 p.
1050 3749 1111 3803 186.
1135 3779 1167 3792 -
1189 3750 1218 3818 5)
