2524 4252
174 243 237 304 346
444 239 671 307 pleimundo
697 241 938 308 DUODECIMA

463 436 695 522 CAPITULUM
715 439 880 500 XXXVII.
890 436 921 521 ⁴⁶)

399 560 447 619 De
465 563 645 636 purpatorio
672 559 818 654 ld'ilbelmi
838 562 985 622 monachi.

238 680 315 741 Ante
342 679 397 740 hos
423 679 575 741 duodecim
602 699 693 742 annos
717 683 875 742 monachus
897 681 1015 758 quidam
1036 683 1186 744 Wilbelmus

174 769 289 828 nemine
317 767 395 844 apud
422 785 481 828 uos
505 767 653 829 defunctus
682 775 734 828 est.
776 770 853 829 Puer
882 768 997 845 quidem
1022 769 1060 830 ad
1079 770 1186 830 ordinem

175 856 262 931 venit,
283 862 311 914 et
332 872 399 915 vero
420 873 499 930 puer,
523 857 590 931 quia
610 873 698 932 purus
721 862 750 916 et
769 856 943 932 impollutus.
988 856 1098 918 Genera
1117 857 1186 916 nobi·

151 939 207 1004 llis
229 951 304 1016 erat,
325 942 377 1000 sed
398 945 487 1001 virtus
507 944 610 1000 mentis
631 945 723 1019 magis
743 942 822 1002 illum
843 944 1021 1004 nobilitabat.
1057 943 1185 1020 Compleb

173 1045 249 1088 anno
270 1029 462 1104 probationis,
490 1031 619 1106 sequenti
642 1029 687 1088 die
709 1033 803 1106 coepit
823 1029 973 1105 infirmari,
995 1037 1024 1090 et
1043 1039 1107 1106 post
1124 1048 1185 1106 pau·

173 1132 222 1174 cos
245 1115 304 1175 dies
326 1122 424 1174 sancto
446 1115 502 1176 fine
524 1115 681 1191 decedens,
708 1117 832 1192 explevit
853 1124 982 1192 tempora
1003 1117 1098 1176 multu.
1137 1115 1182 1192 Qui

170 1205 268 1262 statim
288 1209 354 1278 post
374 1209 493 1262 mortem
516 1203 629 1262 cuidam
645 1203 787 1263 monacho
808 1221 960 1280 apparens,
981 1221 1046 1264 curn
1068 1204 1101 1263 de
1119 1209 1182 1263 statu

171 1307 224 1349 suo
246 1291 440 1366 requireretur,
460 1290 606 1365 respondit
626 1307 657 1349 se
680 1307 743 1349 esse
763 1293 791 1349 in
814 1293 923 1365 poenis.
964 1290 1012 1350 De
1034 1307 1088 1368 quo
1108 1289 1182 1350 verbo

137 1417 138 1420 κ
172 1393 238 1436 oum
258 1375 306 1435 ille
326 1379 438 1435 territus
452 1376 532 1436 fieret
553 1383 582 1436 et
603 1376 724 1452 diceret,
744 1378 769 1436 si
790 1385 821 1435 tu
843 1394 874 1436 es
894 1380 924 1435 in
941 1379 1041 1454 poenis
1063 1380 1182 1454 quiuuu·

171 1480 259 1538 quam
278 1465 417 1538 peccasti,
438 1463 506 1538 quid
526 1462 576 1522 fiet
598 1463 632 1522 de
654 1481 701 1522 me
721 1469 886 1539 peccatore,
907 1467 1021 1540 meique
1042 1459 1182 1524 similibus?

171 1549 322 1609 consolans
351 1567 416 1608 eum
436 1549 593 1610 „defunctus
622 1552 674 1608 ait:
700 1549 767 1608 Noli
787 1551 870 1626 llere,
898 1554 967 1626 quia
987 1551 1093 1611 nullam
1111 1550 1183 1610 alam

169 1639 262 1713 patior
289 1653 411 1712 poenam
438 1637 493 1694 nisi
521 1635 598 1711 quod
621 1636 747 1696 nondum
776 1637 833 1696 vidi
861 1638 973 1715 Deum,
1002 1640 1092 1714 ipsam
1123 1637 1183 1696 dila·

169 1725 276 1782 tionem
310 1722 415 1808 glofiae
449 1740 573 1800 poenam
610 1731 753 1798 reputans.
810 1723 871 1784 Nee
899 1727 1049 1785 immerito.
1096 1723 1158 1800 Spes
1168 1719 1181 1800 ¹)

165 1827 244 1890 quae
266 1809 399 1883 differtur,
419 1810 519 1886 affligit
539 1811 662 1869 animam
671 1807 702 1890 ²).
745 1811 783 1868 Et
803 1811 920 1870 adiecit:
942 1809 1009 1870 Acb
1031 1829 1113 1887 quam
1132 1810 1182 1871 ela·

168 1915 232 1956 rum
255 1899 306 1955 erit
327 1897 405 1972 quod
425 1900 521 1955 statim
544 1899 639 1956 veniet
659 1904 725 1956 ante
747 1897 851 1956 Deum.
893 1897 1023 1974 Rogate,
1044 1900 1137 1974 inquit,
1153 1913 1182 1956 ex

167 1990 250 2061 parte
271 2001 335 2042 mea
358 1983 503 2042 dominum
518 1981 673 2058 Abbatem,
694 1991 726 2042 ut
747 1985 776 2042 in
790 1983 921 2062 Capitulo
943 1988 1083 2044 orationes
1103 1987 1182 2043 iniun-

168 2078 220 2148 gat
239 2087 291 2147 pro
313 2087 359 2129 me
381 2069 419 2129 ad
439 2076 567 2145 tempus,
596 2075 626 2129 et
653 2077 685 2128 ut
712 2072 774 2145 ipse
795 2088 846 2147 pro
868 2089 914 2131 me
936 2070 1014 2132 dicat
1036 2071 1181 2144 collectam

170 2160 267 2234 sieque
288 2158 439 2219 liberabor.
481 2157 603 2216 Dicente
632 2157 790 2231 monacho,
817 2158 892 2216 unde
914 2159 967 2217 erit
988 2158 1105 2218 collecta
1123 2152 1181 2216 illal

113 2271 125 2282 ·
168 2244 329 2322 respondit:
357 2243 404 2303 De
432 2251 532 2302 sancto
561 2243 722 2320 Myehaele.
771 2243 859 2303 Mane
888 2261 953 2304 cum
984 2247 1054 2304 visio
1081 2247 1182 2305 recitata

166 2334 268 2392 inisset
288 2331 401 2390 domiuo
423 2329 548 2389 Henrico
570 2329 681 2390 Abbati
700 2338 810 2406 nostro,
831 2333 891 2406 ipso
914 2331 950 2390 de
979 2329 1181 2392 eodemArch·

58 2449 61 2471 r
168 2419 272 2498 angelo
318 2420 413 2476 statim
445 2419 562 2476 missam
604 2417 773 2502 qelebravit,
805 2417 833 2475 in
874 2417 1007 2494 Capitulo
1044 2419 1182 2490 Psalmnm,

115 2515 124 2532 “
170 2505 428 2587 Quemadmodum
473 2504 617 2564 deciderat
651 2521 753 2562 cerbus
790 2505 833 2562 qd
862 2504 960 2580 fontes
999 2499 1180 2582 aquaem),

168 2594 320 2655 dicendum
340 2608 391 2667 per
412 2597 522 2666 septeni
544 2590 620 2665 dies,
642 2590 773 2650 omnibus
794 2607 845 2666 pro
867 2608 901 2650 eo
923 2593 1080 2669 iniungens.
1118 2590 1181 2649 Mira

167 2685 257 2742 dutus
279 2681 447 2740 orationum.
492 2675 622 2752 Conrado
650 2693 726 2734 nnnc
747 2676 845 2737 Priore
866 2677 936 2737 Loci
952 2685 1068 2739 sanctae
1087 2677 1181 2737 Mariae

166 2776 261 2830 stante
287 2769 317 2826 in
347 2765 433 2825 choro
463 2781 527 2844 curn
556 2766 583 2822 in
613 2781 670 2832 uno
698 2763 837 2823 versiculo
865 2764 939 2822 illius
966 2763 1085 2840 Psalmi,
1110 2766 1180 2824 Deae

98 2925 99 2930 η
167 2837 250 2916 Deba
280 2871 362 2912 meuc
391 2853 432 2910 ad
468 2859 494 2910 te
523 2851 558 2910 dc
587 2851 650 2909 luce
678 2851 766 2925 cipido
774 2847 814 2924 l),
846 2850 946 2911 leniter
959 2848 980 2930 ε)
1018 2851 1179 2922 dormitaret,

167 2941 361 3018 saepedictum
392 2937 578 2999 Wilhelmum
614 2938 667 2996 sub
701 2937 788 3013 pallio
821 2937 923 2997 beatae
956 2937 1013 2999 Dei
1045 2937 1178 2999 Genitrieis

167 3037 242 3089 stare
272 3029 432 3102 conspexit,
468 3042 533 3084 eum
569 3023 659 3082 multa
694 3023 881 3100 gratulatione
915 3024 1071 3086 denotem:
1103 3020 1177 3082 Modo

166 3117 282 3174 omnino
293 3114 429 3174 liberatus
443 3130 515 3172 sum.
550 3110 659 3190 Eodem
671 3117 798 3185 temporo
818 3110 963 3186 praedicto
984 3111 1120 3196 monacho
1138 3124 1176 3168 se·

167 3201 261 3260 cundo
281 3217 438 3275 apparens,
465 3205 650 3258 testatusest
671 3204 781 3257 tantum
802 3205 913 3274 septem
934 3197 1035 3259 diebus
1056 3217 1086 3259 se
1104 3197 1176 3256 luisse

166 3289 194 3346 in
215 3289 387 3365 purgatorio,
408 3286 437 3344 id
459 3286 550 3345 estin
574 3286 698 3344 carentia
712 3284 824 3344 divinae
842 3287 965 3360 visionis,
987 3285 1075 3346 multa
1095 3279 1175 3342 illido

169 3381 241 3434 statu
268 3372 445 3449 quarundam
474 3375 631 3431 animarum
659 3369 798 3430 revelans.
847 3370 1047 3433 NOVICIUS:
1080 3371 1175 3432 Secun-

169 3461 233 3522 dum
254 3460 310 3520 hoc
331 3459 480 3534 paradisus
501 3459 639 3518 terrestris
657 3460 853 3535 purgatorium
875 3461 927 3518 est'
959 3454 1174 3520 MONACHUS:

161 3549 276 3611 Revera
295 3549 320 3608 si
340 3549 370 3606 in
391 3562 426 3606 eo
448 3547 560 3604 animae
582 3551 648 3604 sunt
669 3545 833 3622 corporibus
863 3556 982 3622 excae,
1009 3554 1038 3607 et
1058 3547 1096 3606 eis
1114 3543 1174 3602 visio

175 3756 209 3825 *J
226 3753 315 3808 llomil.
332 3753 387 3821 lp.
408 3752 466 3805 125.
480 3780 509 3791 -
525 3749 555 3817 1)
574 3748 616 3804 CF
634 3748 684 3802 edd
701 3750 791 3802 enim.
810 3778 841 3790 —
855 3749 887 3818 2)
903 3747 1026 3803 Proverb.
1044 3749 1084 3814 la,
1101 3745 1135 3800 la.
1146 3771 1172 3783 -

228 3826 260 3896 3)
277 3825 345 3880 Psal.
364 3824 405 3877 ll.
426 3853 456 3863 -
476 3822 508 3891 4)
526 3820 590 3874 Psal.
609 3820 651 3875 62.
671 3849 701 3860 -
722 3820 753 3890 5)
771 3819 834 3874 ADP
852 3819 981 3874 leviter.

855 4108 861 4144 l
