2512 4254
154 281 213 340 102
464 275 690 338 oleumcum
713 275 876 340 OCTAVA

152 402 258 478 gressi,
279 399 380 460 minati
399 413 487 476 snper
505 401 628 460 inermes
648 400 797 460 irruerunt
839 399 905 477 Qno
926 400 988 460 viso
1007 397 1049 458 illi
1068 401 1187 476 arreptis

142 489 241 549 sacris
261 486 447 563 imaginibus,
471 485 574 564 gladiis
600 492 808 563 opposnemnt,
839 492 987 562 sperantes
1005 487 1061 547 sibi
1076 485 1187 546 illarum

153 573 292 638 beneficio
319 575 399 649 parci
426 572 540 634 debere.
582 573 768 634 Percussores
799 589 868 633 vero
889 571 999 632 nullum
1019 572 1084 634 loco
1107 573 1187 634 exbi-

153 662 255 737 bentes
279 661 434 734 honorem,
458 659 576 719 ⁴inulam
603 663 691 720 sacris
718 662 889 737 imaginibus
916 662 1122 734 reverentiam,
1148 663 1187 722 ,ita
1250 711 1251 714 ,

154 748 279 808 hostium
302 763 431 807 cmorem
452 747 602 822 sitiebant,
633 752 667 806 ut
686 749 825 824 imagines
846 748 992 822 oppositas
1013 745 1187 822 mutilarent,

153 837 265 912 ipsique
281 833 416 895 crucifixo
437 833 555 892 brachia
575 833 805 910 praescinderent
817 830 842 914 ¹),
864 840 893 892 et
914 833 1024 893 circiter
1045 838 1113 893 octo
1133 836 1187 892 mi·
1249 857 1250 862 ¹

153 921 217 983 lites
244 925 274 981 in
303 920 424 982 ecclesie
450 917 660 1000 trucidarent2).
704 919 790 998 Quod
817 919 1000 996 sacrilegium
1028 918 1099 980 dure
1120 922 1188 980 satie

153 1005 1252 1083 mmmmmmfflwmmm‘

153 1097 316 1172 sanguineis
344 1091 535 1152 occidentium
561 1111 715 1154 numerosa
742 1092 893 1154 multitudo
914 1095 957 1154 sic
976 1091 1074 1170 gladio
1096 1092 1188 1155 deleta

156 1189 211 1258 est,
238 1189 272 1240 ut
299 1182 348 1239 vix
376 1179 434 1238 dno
460 1186 651 1256 superessent
693 1179 800 1242 Vetula
820 1196 889 1240 vero
912 1197 986 1255 quae
1006 1179 1071 1239 illos
1090 1181 1188 1257 prodi·

156 1269 251 1344 derat,
279 1273 407 1343 tempore
434 1269 536 1326 messis
563 1269 651 1326 nimio
680 1267 775 1326 calore
802 1269 876 1326 aeris
897 1267 1037 1326 suffocata
1058 1273 1111 1327 est
1153 1267 1189 1326 Et

155 1354 223 1431 quid
246 1354 340 1414 dicam
362 1351 398 1412 de
418 1352 501 1412 malis
521 1351 695 1429 Christianis,
717 1371 783 1414 cum
804 1352 882 1430 apud
899 1351 1066 1414 Damiatam
1086 1352 1188 1416 Serra·
1252 1349 1253 1374 ¹

156 1444 218 1502 ceni
240 1436 583 1517 cmntnm'ignorantas,
612 1441 649 1500 ob
677 1443 810 1501 iniuriam
829 1441 962 1518 imaginis
984 1441 1045 1500 eisne
1066 1441 1188 1518 graviter

154 1524 239 1608 sint³)
260 1525 373 1604 puniti?

481 1715 713 1780 CAPITULUM
733 1713 865 1780 XXVII.

221 1843 270 1902 De
290 1841 421 1902 mecca
441 1840 500 1901 Det
520 1844 553 1900 te
572 1841 774 1987 Dtoeeioteoos
795 1843 847 1916 prot
866 1839 942 1917 fuste
961 1841 1134 1917 caralim

604 1935 759 1987 swerent

108 2091 113 2103 .
221 2046 294 2107 Cum
321 2049 351 2106 in
380 2047 527 2108 obsidione
554 2046 708 2108 Damiatae
729 2050 854 2109 maxime
875 2065 942 2126 pars
964 2049 1104 2110 exercitus
1125 2045 1188 2107 Do·
1254 2071 1255 2088 ³

155 2135 223 2194 mini
244 2134 407 2195 Sarracenie
435 2136 617 2210 occurrisset,
644 2137 741 2196 nescio
776 2152 832 2212 qno
860 2134 918 2195 Dei
937 2134 1042 2196 iudicio
1062 2133 1188 2194 infideles

154 2221 287 2282 fidelibus
308 2223 467 2298 superiores
489 2223 590 2298 effecti,
613 2225 712 2282 cosin
733 2222 832 2300 lugam
852 2228 1007 2298 vertemnt,
1026 2221 1133 2282 multos
1154 2237 1187 2280 es

117 2303 119 2307 ’
155 2311 197 2370 eis
226 2308 403 2385 occidentes,
439 2315 469 2368 et
496 2309 632 2385 plurimos
662 2312 791 2384 captivos
818 2302 1002 2369 abducentes.
1045 2307 1130 2384 Quod
1156 2313 1188 2365 ut

82 2401 85 2408 “
125 2403 131 2428 ‘
155 2400 351 2474 cognoverunt
377 2397 406 2453 in
436 2397 549 2456 civitate
576 2396 702 2471 obsessi,
732 2398 763 2454 in
786 2402 895 2456 tantam
915 2395 1055 2457 laetitiam
1074 2391 1189 2455 resoluti

154 2488 236 2558 eunt,
264 2488 297 2542 ut
323 2484 353 2540 in
376 2474 569 2542 contusionem
590 2482 657 2542 fidei
677 2489 791 2542 nostrae
811 2482 947 2560 laqueum
969 2481 1043 2543 collo
1065 2479 1188 2542 crucifixi

154 2571 315 2644 iniicerent,
347 2570 445 2644 sieque
469 2586 581 2628 sacram
601 2569 680 2629 illam
700 2570 854 2646 imaginem
875 2569 938 2630 aliis
959 2567 1063 2629 additis
1082 2567 1188 2628 iniuriis

154 2674 206 2733 per
221 2672 321 2716 omnes
341 2655 452 2732 plateas
474 2658 595 2716 civitatis
616 2657 769 2731 traherent,
790 2672 856 2715 cnm
877 2655 968 2716 multa
988 2656 1188 2716 vociteratione

155 2751 185 2804 et
213 2744 317 2820 plausu
337 2759 488 2817 manuum,
515 2745 665 2802 victoriam
686 2742 739 2804 deo
762 2760 814 2802 suo
836 2744 1019 2803 ascribentes.
1062 2741 1188 2802 curatus

153 2847 223 2890 vcro
251 2831 300 2908 qui
328 2835 457 2889 mortuus
479 2835 508 2889 et
529 2832 612 2908 quasi
630 2829 736 2890 nullius
756 2829 864 2890 valoris
883 2830 1049 2904 videbatur,
1079 2830 1109 2887 in
1128 2833 1186 2886 mm

155 2917 307 2976 execrabili
329 2917 437 2994 culpa„
450 2922 518 2992 post
539 2917 626 2977 breve
647 2923 760 2993 tempus
781 2916 867 2977 valde
895 2916 1056 2977 terribiliter
1082 2915 1186 2974 revivi-

155 3019 235 3064 scere
256 3007 360 3079 coepit,
381 3007 412 3064 in
432 3003 567 3064 vindcta.
608 3003 685 3064 Nam
697 3003 895 3078 Damiatanos,
914 3011 948 3064 ut
959 3020 1055 3080 poena
1068 3017 1186 3064 concor·

156 3088 238 3150 daret
263 3089 360 3150 illatae
387 3092 520 3166 iniuriae,
555 3090 698 3152 ulceribus
726 3092 866 3166 percussit
885 3093 915 3150 in
934 3095 1063 3167 gutture,
1090 3089 1131 3150 sic
1154 3093 1186 3145 ut

154 3178 241 3238 etiam
255 3177 361 3236 cibaria
374 3194 431 3239 non
445 3186 563 3253 possent
578 3177 689 3254 glutire.
730 3177 823 3238 Paulo
844 3183 911 3254 post
932 3179 1077 3238 civitatem
1096 3178 1185 3252 ipsam

153 3262 403 3341 inexpugnabilem
431 3267 472 3324 eis
505 3265 624 3326 abstulit
651 3281 705 3324 sne
725 3267 842 3339 virente,
868 3266 910 3324 ita
939 3270 972 3323 nt
991 3280 1047 3326 neo
1066 3279 1138 3324 uum
1155 3261 1185 3320 in

156 3352 217 3412 eius
244 3351 403 3409 vastatione
432 3349 548 3412 caderet
569 3351 753 3412 Christianus.
794 3351 863 3410 Alta
882 3349 979 3414 adbuc
998 3349 1082 3427 plura
1101 3349 1184 3408 amre-

155 3437 222 3500 cula
250 3435 286 3496 de
313 3437 401 3496 sacris
428 3439 599 3514 imaginibus
626 3438 678 3498 tibi
699 3437 792 3498 dicere
812 3455 942 3514 possem,
966 3437 1019 3498 sed
1039 3432 1184 3513 usquead

156 3524 296 3586 decimam
325 3521 535 3584 distinctionem
563 3524 612 3584 illa
639 3540 764 3584 reservo.
805 3523 872 3585 Hoc
900 3527 987 3586 etiam
1012 3526 1088 3585 scias
1111 3518 1184 3598 quod

174 3778 591 3852 lJAlll’preeseiderent,B
614 3753 857 3856 praeciderent.
883 3807 913 3822 -
940 3780 973 3848 2)
1001 3780 1022 3833 B
1045 3775 1183 3834 trucida-

224 3859 352 3905 verunt.
376 3879 406 3891 -
432 3849 464 3918 3)
491 3846 578 3900 ABGD
596 3853 678 3898 sunt.
