2608 4252
386 295 440 356 DE
461 295 617 358 SANCTA
632 294 774 357 MARIA.
1057 297 1095 354 63

81 436 166 480 sacras
194 421 330 497 imagines
364 426 576 484 contemnentes
607 425 717 479 tantam
733 416 749 498 ¹)
781 419 927 476 incummt
958 433 1096 493 poenam,

80 511 141 580 puto
161 505 234 582 quod
254 515 423 568 venerantes
443 507 507 566 illas
521 524 656 584 magnam
670 510 832 566 mereantur
853 504 982 579 gratiam.
1020 500 1097 563 MO-

82 591 239 654 NAGHUS:
261 593 328 654 Hoc
349 596 379 653 in
400 595 584 670 sequentibus
604 593 715 669 plenius
737 607 876 669 agnosces
885 587 906 669 ²)

341 779 356 802 ⁴
394 783 635 858 xCAPITULUM
666 783 761 843 XLV.
787 840 790 845 .

147 907 191 966 De
211 908 273 967 altu
294 914 451 979 matrona,
475 924 553 982 quae
572 906 666 982 filiam
688 924 708 963 u
729 906 800 980 lupo
822 910 951 978 raptam,
969 922 1026 978 per

366 993 487 1052 eoadem
509 996 668 1069 imaginem
690 998 804 1068 recepit.

138 1115 170 1173 In
187 1114 332 1191 praedicto
353 1121 446 1174 castro
466 1121 598 1174 matrona
625 1114 767 1190 quaedam
792 1112 905 1178 habitat
924 1112 1046 1172 honesta
1068 1128 1102 1170 ac

86 1199 191 1276 derum,
210 1204 323 1262 nomine
345 1201 436 1262 Jutta.
479 1201 562 1261 Haec
584 1208 628 1260 est
648 1201 697 1259 illa
724 1203 771 1260 cui
792 1201 879 1260 beata
900 1199 989 1276 Virgo
1012 1198 1101 1258 verba

85 1286 281 1369 opprobriosa³)
314 1291 343 1348 in
370 1306 452 1348 suam
477 1305 601 1366 yconam
628 1282 756 1364 prolata,
785 1292 941 1362 conquesta
970 1292 1022 1345 est.
1064 1285 1103 1343 ut

85 1378 179 1434 merito.
219 1375 337 1436 Summo
366 1378 441 1434 enim
468 1375 577 1435 honore
607 1375 728 1435 eandem
754 1376 908 1450 imaginem
937 1377 1103 1446 veneratur,

85 1460 267 1538 salutationes,
296 1463 454 1537 orationes,
491 1460 654 1537 multasque
674 1463 773 1522 venias
796 1477 892 1520 coram
920 1460 969 1519 illa
989 1460 1104 1519 taciens.
1130 1507 1133 1516 .

85 1546 208 1623 Tempore
236 1549 360 1624 quodam
389 1566 454 1608 cum
481 1548 570 1608 tiliam
598 1548 748 1624 parvulam
776 1550 804 1606 in
825 1547 924 1606 villam
945 1549 1104 1623 proximam

86 1634 243 1694 nutriendam
265 1635 434 1711 tradidisset,
456 1643 484 1695 at
503 1635 642 1694 infantula
662 1637 721 1694 iam
743 1637 859 1693 triennis
879 1636 909 1692 in
931 1650 998 1694 area
1018 1633 1102 1692 ludc-

86 1727 126 1796 ret,
143 1721 223 1798 lupus
237 1722 381 1782 ludentem
396 1723 566 1797 quibusdam
587 1722 791 1798 aspicientibus
804 1717 911 1800 illam²)
933 1737 985 1797 per
1004 1720 1103 1797 gulam
1133 1721 1139 1732 ‘
1195 1710 1201 1721 ¹

87 1809 172 1884 rapuit,
190 1816 356 1885 raptamque
377 1812 406 1868 in
423 1809 539 1870 dorsum
554 1827 637 1868 suum
652 1811 774 1883 mittens,
795 1808 882 1867 silvas
898 1809 1004 1867 vicinas
1026 1809 1101 1883 peti-

88 1895 128 1952 u't
165 1895 254 1972 Quem
274 1895 362 1972 aliqui
383 1914 448 1955 cum
474 1896 597 1956 elamore
618 1897 745 1970 insecuti,
766 1897 827 1954 siue
849 1897 993 1971 ereptione
1015 1894 1100 1970 puel-

88 1978 150 2040 lulae
168 1986 257 2043 tristes
279 1989 346 2042 sunt
366 1985 479 2043 reversi.
510 1983 555 2041 Ex
575 1984 678 2058 quibus
692 1999 766 2041 unus
786 1985 816 2040 in
830 1987 954 2042 casuum
968 1984 1100 2056 cucurrit,

89 2073 111 2125 et
136 2073 212 2130 matri
239 2072 268 2128 in
295 2087 396 2130 mensa
424 2071 533 2130 sedenti
561 2075 675 2146 raptum
695 2069 769 2128 filiae
791 2071 930 2130 nuncians
951 2070 1004 2128 ait:
1034 2068 1099 2128 Dc·

87 2157 164 2230 mina,
189 2155 272 2233 lupus
301 2156 423 2217 comedit
449 2157 538 2216 filiam
559 2163 705 2216 vestram„
736 2155 789 2214 Cui
810 2155 859 2215 illa
880 2157 995 2230 turbata
1015 2157 1100 2213 nimis

87 2243 226 2316 respondit:
250 2241 333 2304 Certe
353 2244 437 2321 lupus
458 2261 516 2303 non
531 2244 654 2304 eomedit
666 2243 753 2302 filiam
766 2259 870 2302 meam.
901 2240 983 2320 Htiox
1005 2248 1101 2300 tamen

86 2343 171 2389 mensa
189 2337 286 2390 amota
300 2333 428 2406 surrexit,
450 2338 479 2391 ct
498 2333 528 2390 in
541 2331 632 2390 multa
650 2331 742 2390 cordis
757 2328 944 2389 amaritudine
961 2327 1101 2404 capellam

87 2414 190 2492 iubens,
209 2419 363 2496 imaginem
384 2417 541 2478 Salvaton‘s
563 2417 599 2478 de
620 2419 684 2477 sinu
705 2419 803 2492 matris
825 2415 942 2490 evulsit,
965 2421 1101 2490 stansque

88 2509 171 2563 conus
189 2504 266 2564 illurn
287 2522 353 2565 cunr
373 2505 469 2564 multis
490 2505 613 2565 neumis
633 2507 663 2562 in
677 2504 750 2564 haec
770 2504 861 2562 verba
872 2504 1014 2578 prorupit:
1035 2501 1101 2562 Do·

88 2589 164 2666 ruina,
190 2609 336 2667 nunquam
363 2591 537 2651 rehabebitis
558 2608 678 2667 puerum
700 2595 834 2665 vestrum,
855 2591 909 2648 nisi
930 2589 999 2648 mihi
1019 2591 1101 2649 inco-

88 2671 177 2737 lumem
196 2680 349 2748 restituatis
380 2695 501 2755 puerum
533 2663 677 2743 meum]
692 2676 768 2736 Mira
799 2676 943 2737 humilitas
972 2677 1102 2752 Reginae

88 2761 154 2821 coeli
193 2764 282 2840 Quasi
309 2767 421 2824 timaret
448 2781 545 2824 carere
574 2765 631 2823 filio
659 2782 728 2838 suo,
757 2766 780 2822 si
809 2764 910 2823 mulier
936 2778 994 2822 nou
1015 2762 1101 2822 reha-

88 2847 154 2909 beret
179 2851 264 2910 iiliam
292 2846 412 2931 11111ωὸ),
440 2851 509 2928 lupo
537 2854 666 2928 protinus
688 2853 853 2926 imperavit,
887 2857 915 2909 et
942 2849 989 2908 ille
1017 2849 1102 2926 puel-

88 2931 134 2994 lam
153 2937 260 2998 dimisit.
302 2938 427 2998 Insecuti
443 2938 538 3015 plures
560 2939 596 2999 de
617 2938 686 2998 villa
706 2938 766 3013 lupi
780 2939 909 3013 vestigia,
932 2953 997 2995 eum
1017 2938 1102 3012 puel·

89 3019 124 3079 lae
142 3025 269 3101 reliquiae
290 3023 329 3085 ad
350 3025 548 3086 tumulandum
570 3031 753 3102 quaererent,
773 3026 854 3083 iuxta
875 3022 1020 3098 quoddam
1035 3025 1054 3100 Ι1
1086 3057 1102 3070 -

89 3115 177 3170 metum
196 3111 273 3172 illam
295 3112 526 3172 deambulantem
548 3109 753 3191 repererunt).
798 3110 850 3169 Oui
871 3128 938 3171 cum
962 3110 1102 3186 dicerent,

90 3195 235 3260 uudevauis
253 3200 330 3260 bona
351 3199 429 3261 filia?
450 3200 596 3276 respondit
614 3199 675 3258 illa:
698 3198 854 3258 Mummart
874 3198 1027 3258 momordit
1047 3217 1102 3259 me.

89 3279 200 3362 Vestigia
220 3289 295 3346 euim
317 3286 444 3346 dentium
472 3287 532 3363 lupi
558 3289 588 3346 in
617 3291 731 3363 gabuta
758 3287 818 3350 cius
841 3288 900 3345 cuti
912 3282 932 3364 ⁷)
953 3285 1102 3360 superficie

90 3373 156 3430 unus
179 3375 266 3433 incisa
294 3379 501 3450 apparuerunt,
528 3374 559 3432 in
587 3374 780 3432 testimouium
807 3374 878 3431 tanti
899 3372 1027 3432 miraculi
1048 3371 1102 3431 ad-

90 3452 161 3538 hucl)
182 3467 333 3520 reservata.
376 3460 457 3520 Tune
485 3459 572 3520 filiam
600 3459 638 3520 ad
659 3465 780 3518 matrem
802 3457 953 3533 ducentes,
982 3476 1049 3517 mox
1071 3465 1103 3518 ut

89 3539 150 3602 illan
169 3563 264 3608 suram
293 3547 379 3622 vidit,
409 3547 513 3608 effecta
537 3545 692 3608 laetissima
721 3564 787 3606 cum
814 3548 969 3623 gratiarum
991 3546 1103 3605 actione

105 3729 129 3796 1)
143 3731 162 3784 l
178 3735 207 3786 lu
224 3743 353 3787 tentam.
374 3765 404 3775 -
423 3736 455 3803 2)
473 3733 513 3787 BP
531 3749 722 3802 cognosces.
741 3761 770 3772 ·-
784 3732 816 3799 3)
833 3729 917 3784 icor
934 3728 1101 3795 probrosa.

146 3831 169 3841 -
191 3805 220 3870 4]
244 3803 391 3868 illamqua
412 3805 438 3856 Β.
460 3833 489 3844 -
511 3805 542 3871 5]
567 3801 835 3855 suamaddBC.-
856 3798 948 3865 6)1111
972 3801 1102 3847 invene-

146 3883 218 3926 ruut.
249 3905 276 3916 -
310 3875 342 3944 7)
367 3873 451 3928 ABDl’
480 3883 561 3926 cute.
586 3901 617 3911 -
643 3873 674 3938 8)
704 3872 760 3922 libri
790 3867 826 3920 ud
851 3867 919 3918 hoc.
