2608 4252
145 281 194 338 oo·
223 256 226 267 '
450 275 677 341 orsumonro
699 277 875 342 suerrum

121 402 205 462 ‚Iste
231 402 302 461 miro
329 399 415 462 modo
437 402 565 462 ordinem
584 387 713 462 nostium
735 401 881 479 diligebat
929 401 996 463 Hoc
1017 421 1096 468 enno
1118 393 1189 464 eum

146 505 236 547 neves
264 487 368 548 ordinis
394 507 446 565 per
467 488 634 550 Zelandiem
662 491 763 550 timore
784 489 963 565 praedonum
984 494 1106 552 transire
1126 505 1191 557 non

147 573 292 651 auderent,
312 591 409 636 rumor
429 579 508 636 veuit
529 576 692 652 Coloniam,
719 577 798 652 quod
820 594 919 637 onmes
942 584 1038 638 essent
1059 577 1187 655 depree-

149 661 242 722 datae.
283 663 322 722 Et
344 663 475 724 dixerunt
497 661 627 739 quidem:
649 663 734 725 Juste
755 670 852 724 actum
874 670 919 726 est
939 681 1005 724 eum
1027 665 1086 742 eis,
1118 683 1188 725 nro-

133 749 232 818 ‚nachl
260 753 339 810 everi
367 757 447 826 sunt,
475 757 648 810 mercatores
676 757 756 828 sunt,
784 750 866 812 Deus
893 751 1007 811 illorum
1033 753 1187 814 avaritiam

149 839 288 898 sustinere
315 853 373 896 non
406 843 508 914 potest.
558 837 731 898 Huiusmodi
762 839 857 898 verbis
878 838 1042 914 praedictus
1062 855 1136 916 puer
1157 841 1188 898 in

147 930 259 983 tantum
286 925 408 985 irritatus
424 921 441 1004 ¹)
463 930 519 1000 est,
548 931 581 984 ut
608 925 674 984 odio
703 924 842 985 aduersus
872 925 999 985 ordinem
1030 933 1189 1004 concepto,

147 1011 274 1090 religioni
296 1011 464 1086 detraheret,
488 1027 541 1071 nec
563 1028 656 1087 aequo
679 1011 762 1072 oculo
784 1011 958 1072 monachum
978 1015 1040 1074 sive
1062 1029 1189 1074 eonver-

147 1115 211 1157 sum
236 1099 377 1174 respicere
404 1105 512 1174 posset.
553 1097 644 1159 Nocte
673 1097 799 1174 quadem
823 1101 854 1158 in
881 1101 988 1160 somnis
1015 1106 1082 1162 ante
1110 1101 1189 1161 ime-

147 1187 241 1262 gincm
268 1185 325 1243 Dei
352 1183 503 1245 Genihicis
531 1187 585 1245 sibi
613 1192 689 1246 stare
716 1186 877 1246 uidebatur.
922 1186 1016 1263 Quem
1044 1203 1111 1248 cum
1138 1187 1189 1248 illa

148 1274 273 1342 severius
293 1274 464 1347 intueretur,
497 1278 525 1332 et
546 1287 618 1349 puer
637 1265 797 1348 tremeret,
813 1274 916 1332 faeiem
944 1275 982 1333 ah
1013 1277 1190 1349 convertit,

149 1361 189 1418 sio
211 1357 321 1418 dicens:
350 1359 443 1418 Maler
463 1377 547 1435 puer,
576 1362 689 1435 optimis
710 1363 809 1422 amicis
830 1363 901 1420 mais
936 1377 1008 1436 quos
1040 1361 1136 1421 haheo
1158 1365 1190 1420 in

149 1451 210 1505 toto
231 1445 352 1521 mundo,
379 1445 525 1506 maledicis
555 1453 584 1506 et
612 1445 744 1506 detrahis.
788 1445 873 1522 Quod
901 1449 1021 1508 verbum
1043 1445 1090 1508 ille
1111 1449 1190 1509 bene

148 1533 322 1608 intelligens,
352 1539 380 1592 et
402 1538 564 1593 exterrere
587 1533 742 1610 evigilans,
770 1551 897 1593 amorem
919 1538 1075 1594 extinctum
1095 1537 1191 1612 metis

150 1621 253 1680 heatae
274 1621 398 1697 Virginis
418 1623 448 1692 in
470 1623 532 1680 eius
553 1620 638 1679 corde
658 1619 829 1680 reaccendit.
873 1620 959 1697 Quod
981 1627 1079 1682 autem
1095 1623 1189 1700 Virgo

150 1709 277 1782 piissima
297 1715 462 1784 spernentes
484 1725 515 1767 se
533 1707 706 1783 quandoque
714 1705 735 1788 ²)
757 1709 857 1784 puniat
879 1714 908 1767 et
928 1709 1066 1785 humiliet,
1087 1726 1190 1769 exem-

150 1795 204 1870 plis
237 1795 349 1855 duobus
381 1796 433 1854 tibi
465 1795 624 1856 ostendam.
675 1793 743 1855 Alia
773 1812 820 1853 me
852 1797 968 1855 memini
997 1796 1050 1855 tibi
1082 1793 1193 1858 dixisse

151 1884 281 1958 superius
295 1881 330 1941 de
340 1882 518 1941 invasoribus
531 1883 745 2026 pffiassionum
758 1881 830 1942 Loci
844 1889 961 1944 sanctae
974 1881 1094 1957 Mariae,
1115 1899 1192 1960 quos

151 1969 318 2056 humiliavit,
340 1975 369 2028 ct
389 1967 484 2028 adhuc
505 1969 544 2026 hu
595 1967 653 2028 iare
673 1986 732 2028 non
754 1968 864 2029 desint.

452 2227 455 2235 ,
489 2155 722 2220 chersonem
750 2157 848 2220 xmr.

228 2283 274 2341 De
291 2300 392 2357 poeno
413 2279 577 2359 Sphodonte
599 2288 628 2340 et
648 2285 796 2342 sociorum
818 2286 887 2360 etue,
912 2283 948 2342 oh
970 2287 1113 2344 iniuriam

535 2367 639 2427 heatae
668 2369 805 2445 Vispiot's.

217 2490 303 2549 Anno
324 2490 477 2565 praeterito
497 2489 554 2550 duo
568 2489 671 2549 milites
692 2493 828 2566 germani,
849 2486 1046 2550 ministeriales
1065 2480 1193 2552 Palatini

155 2579 272 2638 Comitis
300 2576 409 2650 Rheni,
445 2593 481 2636 ex
513 2578 617 2652 quibus
645 2594 720 2636 unus
742 2575 876 2654 Syhodo,
898 2577 970 2638 alter
1000 2577 1193 2640 Baldemarus

155 2667 321 2741 vocabatur,
342 2662 438 2724 multis
456 2675 554 2723 secum
576 2665 737 2740 assumptis,
759 2670 870 2724 armata
892 2681 979 2724 manu
999 2671 1141 2725 venerunt
1160 2667 1193 2726 in

154 2753 251 2813 villam
269 2746 424 2830 Cussele³),
446 2750 539 2810 lorum
560 2767 655 2810 rerum
675 2749 820 2810 uenalium
840 2754 870 2810 in
892 2751 990 2811 odium
1004 2751 1193 2812 Walcrammi

155 2840 273 2900 Comitis
301 2840 337 2900 de
363 2837 567 2914 Lutuelinhurg
589 2837 759 2912 spoliantes,
789 2844 818 2899 et
838 2838 929 2910 multa
949 2855 1056 2914 peoora
1076 2838 1193 2919 aliaque

142 2927 258 2988 ‘diversi
271 2929 383 3003 generis
397 2925 488 3002 spolia
503 2942 602 2984 secum
623 2923 806 2984 deducentes.
849 2925 920 2984 Erat
941 2928 1015 2985 euim
1036 2928 1065 2984 in
1088 2927 1193 2988 eadem

155 3013 200 3074 die
229 3014 330 3089 triplex
358 3013 548 3088 sollemnitas,
583 3011 643 3072 dics
670 3011 804 3072 videlieet
830 3011 1012 3087 Dominicns‚
1046 3011 1193 3075 Nativitaa

154 3106 270 3162 sanotae
291 3100 348 3159 Dei
371 3099 534 3174 Genitricis,
568 3105 597 3159 et
624 3099 764 3159 dedicatio
787 3099 925 3160 ecclcsiae
947 3099 1074 3160 eiusdem
1095 3101 1193 3162 villae.

110 3183 116 3195 '
153 3190 245 3250 Noeta
265 3187 448 3262 praecedenti
469 3187 583 3247 cuidam
605 3185 685 3246 militi
707 3204 742 3246 ex
765 3186 915 3246 comitibus
933 3186 1096 3263 Sybodonis
1116 3189 1192 3248 visio

152 3276 218 3336 talis
239 3281 354 3334 ostensa
376 3281 427 3334 est.
469 3275 592 3334 Beatam
606 3274 754 3351 Virginem
767 3273 872 3334 Christi
885 3273 1008 3349 pedibus
1028 3273 1101 3334 vidit
1121 3291 1193 3350 pro-

153 3363 295 3436 volutam,
319 3367 348 3420 et
367 3377 440 3421 voce
462 3360 539 3422 clare
561 3361 714 3420 dicentem:
744 3361 911 3436 conqueror
931 3362 983 3421 tibi
1003 3361 1129 3422 Domine
1150 3361 1193 3422 lili

153 3451 189 3510 dc
203 3448 357 3527 Sybodone
379 3453 409 3506 et
422 3448 609 3524 complicibus
624 3449 693 3523 eius,
715 3443 810 3527 quiae)
826 3447 1034 3508 dedicationem
1052 3447 1192 3508 eeclesiae

153 3533 263 3616 meee⁵l
285 3535 485 3608 turbaverunt,
514 3534 701 3609 hominesque
722 3534 761 3594 ed
782 3534 860 3595 illam
883 3535 1058 3595 confluentes
1080 3535 1192 3611 spolia·

170 3655 200 3722 1)
219 3650 302 3706 Acti?
319 3652 434 3701 iratus.
448 3649 521 3716 -2J
541 3647 736 3717 quandoque
752 3664 793 3700 our
812 3647 860 3701 BG.
880 3675 912 3688 -
931 3649 964 3766 3?
980 3649 1030 3701 vie.
1048 3649 1156 3718 Eugelh.
1170 3650 1193 3715 l,

220 3725 252 3775 l:
271 3719 546 3786 „hedificeueratenim
563 3717 702 3769 Wnlremus
729 3726 838 3770 cestrum
863 3725 890 3766 et
912 3716 997 3768 silam
1020 3717 1147 3772 forensem
1164 3722 1192 3772 in

220 3793 317 3844 liucatu
334 3787 491 3850 Coloniensi,
517 3801 593 3854 quom
610 3785 726 3838 dominus
743 3783 908 3837 arehteleetus
926 3783 1050 3838 destruxit
1067 3796 1094 3839 ct
1113 3804 1193 3841 exne·

220 3863 277 3914 slt.“
299 3889 326 3898 -
349 3859 381 3926 4]
398 3854 482 3909 scol>
500 3857 558 3922 qui.
579 3883 610 3894 -
631 3856 662 3922 5)
681 3869 768 3906 meae
786 3867 826 3904 om
846 3850 874 3901 [l.
