<?xml version="1.0" encoding="UTF-8"?>
<!DOCTYPE html PUBLIC "-//W3C//DTD XHTML 1.0 Transitional//EN"
    "http://www.w3.org/TR/xhtml1/DTD/xhtml1-transitional.dtd">
<html xmlns="http://www.w3.org/1999/xhtml" xml:lang="en" lang="en">
 <head>
  <title>
</title>
<meta http-equiv="Content-Type" content="text/html;charset=utf-8" />
  <meta name='ocr-system' content='tesseract 3.04.00' />
  <meta name='ocr-capabilities' content='ocr_page ocr_carea ocr_par ocr_line ocrx_word'/>
</head>
<body>
  <div class='ocr_page' id='page_1' title='image "./caesariiheister02stragoog_0070.png"; bbox 0 0 2536 4248; ppageno 0'>
   <div class='ocr_carea' id='block_1_1' title="bbox 441 258 1158 320">
    <p class='ocr_par' dir='ltr' id='par_1_1' title="bbox 441 258 1158 320">
     <span class='ocr_line' id='line_1_1' title="bbox 441 258 1158 320; baseline -0.003 0"><span class='ocrx_word' id='word_1_1' title='bbox 441 259 497 320; x_wconf 91' lang='lat' dir='ltr'>DE</span> <span class='ocrx_word' id='word_1_2' title='bbox 519 258 677 320; x_wconf 73' lang='lat' dir='ltr'>sANcTA</span> <span class='ocrx_word' id='word_1_3' title='bbox 693 259 835 320; x_wconf 87' lang='lat' dir='ltr'>MARlA.</span> <span class='ocrx_word' id='word_1_4' title='bbox 1118 261 1158 319; x_wconf 80' lang='lat'>59</span> 
     </span>
    </p>
   </div>
   <div class='ocr_carea' id='block_1_2' title="bbox 111 377 1212 2190">
    <p class='ocr_par' dir='ltr' id='par_1_2' title="bbox 111 377 1212 2190">
     <span class='ocr_line' id='line_1_2' title="bbox 112 377 1212 461; baseline -0.004 -19"><span class='ocrx_word' id='word_1_5' title='bbox 112 399 146 442; x_wconf 86' lang='lat' dir='ltr'>se</span> <span class='ocrx_word' id='word_1_6' title='bbox 170 381 247 441; x_wconf 89' lang='lat' dir='ltr'>bene</span> <span class='ocrx_word' id='word_1_7' title='bbox 272 379 420 456; x_wconf 87' lang='lat' dir='ltr'>babuerit,</span> <span class='ocrx_word' id='word_1_8' title='bbox 448 383 522 440; x_wconf 88' lang='lat' dir='ltr'>sicut</span> <span class='ocrx_word' id='word_1_9' title='bbox 542 398 594 458; x_wconf 88' lang='lat' dir='ltr'>per</span> <span class='ocrx_word' id='word_1_10' title='bbox 615 398 662 443; x_wconf 92' lang='lat' dir='ltr'>me</span> <span class='ocrx_word' id='word_1_11' title='bbox 683 381 763 454; x_wconf 89' lang='lat' dir='ltr'>illum</span> <span class='ocrx_word' id='word_1_12' title='bbox 776 377 792 461; x_wconf 87' lang='lat'>¹)</span> <span class='ocrx_word' id='word_1_13' title='bbox 815 379 937 456; x_wconf 87' lang='lat' dir='ltr'>adeptus</span> <span class='ocrx_word' id='word_1_14' title='bbox 961 387 1016 456; x_wconf 88' lang='lat' dir='ltr'>est,</span> <span class='ocrx_word' id='word_1_15' title='bbox 1046 383 1087 440; x_wconf 86' lang='lat' dir='ltr'>ita</span> <span class='ocrx_word' id='word_1_16' title='bbox 1106 397 1159 457; x_wconf 87' lang='lat' dir='ltr'>per</span> <span class='ocrx_word' id='word_1_17' title='bbox 1209 383 1212 392; x_wconf 94' lang='lat'>&#39;</span> 
     </span>
     <span class='ocr_line' id='line_1_3' title="bbox 112 466 1159 544; baseline -0.004 -14"><span class='ocrx_word' id='word_1_18' title='bbox 112 485 163 530; x_wconf 86' lang='lat' dir='ltr'>me</span> <span class='ocrx_word' id='word_1_19' title='bbox 186 467 235 528; x_wconf 95' lang='lat' dir='ltr'>illo</span> <span class='ocrx_word' id='word_1_20' title='bbox 257 467 424 544; x_wconf 84' lang='lat' dir='ltr'>privabitur.</span> <span class='ocrx_word' id='word_1_21' title='bbox 467 467 588 544; x_wconf 84' lang='lat' dir='ltr'>Semper</span> <span class='ocrx_word' id='word_1_22' title='bbox 615 470 645 526; x_wconf 91' lang='lat' dir='ltr'>in</span> <span class='ocrx_word' id='word_1_23' title='bbox 675 470 736 528; x_wconf 90' lang='lat' dir='ltr'>eius</span> <span class='ocrx_word' id='word_1_24' title='bbox 765 468 904 544; x_wconf 89' lang='lat' dir='ltr'>obsequio</span> <span class='ocrx_word' id='word_1_25' title='bbox 926 466 1002 526; x_wconf 93' lang='lat' dir='ltr'>idem</span> <span class='ocrx_word' id='word_1_26' title='bbox 1024 467 1159 528; x_wconf 88' lang='lat' dir='ltr'>Theode-</span> 
     </span>
     <span class='ocr_line' id='line_1_4' title="bbox 114 553 1159 629; baseline 0.001 -17"><span class='ocrx_word' id='word_1_27' title='bbox 114 557 196 614; x_wconf 86' lang='lat' dir='ltr'>ricus</span> <span class='ocrx_word' id='word_1_28' title='bbox 217 553 339 614; x_wconf 81' lang='lat' dir='ltr'>devotus</span> <span class='ocrx_word' id='word_1_29' title='bbox 360 553 470 629; x_wconf 87' lang='lat' dir='ltr'>suerat,</span> <span class='ocrx_word' id='word_1_30' title='bbox 491 561 520 614; x_wconf 88' lang='lat' dir='ltr'>ct</span> <span class='ocrx_word' id='word_1_31' title='bbox 541 556 616 614; x_wconf 88' lang='lat' dir='ltr'>siout</span> <span class='ocrx_word' id='word_1_32' title='bbox 637 556 688 615; x_wconf 90' lang='lat' dir='ltr'>tibi</span> <span class='ocrx_word' id='word_1_33' title='bbox 710 561 810 614; x_wconf 91' lang='lat' dir='ltr'>notum</span> <span class='ocrx_word' id='word_1_34' title='bbox 833 560 884 629; x_wconf 82' lang='lat' dir='ltr'>est,</span> <span class='ocrx_word' id='word_1_35' title='bbox 907 553 1033 628; x_wconf 76' lang='lat' dir='ltr'>quotidie</span> <span class='ocrx_word' id='word_1_36' title='bbox 1055 558 1159 615; x_wconf 80' lang='lat' dir='ltr'>missae</span> 
     </span>
     <span class='ocr_line' id='line_1_5' title="bbox 115 634 1159 719; baseline -0.003 -17"><span class='ocrx_word' id='word_1_37' title='bbox 115 642 182 702; x_wconf 87' lang='lat' dir='ltr'>cius</span> <span class='ocrx_word' id='word_1_38' title='bbox 218 640 401 717; x_wconf 70' lang='lat' dir='ltr'><strong>quotidianae</strong></span> <span class='ocrx_word' id='word_1_39' title='bbox 433 640 496 702; x_wconf 76' lang='lat' dir='ltr'>vult</span> <span class='ocrx_word' id='word_1_40' title='bbox 529 634 681 718; x_wconf 84' lang='lat' dir='ltr'>interesse,</span> <span class='ocrx_word' id='word_1_41' title='bbox 713 658 861 700; x_wconf 88' lang='lat' dir='ltr'>nummum</span> <span class='ocrx_word' id='word_1_42' title='bbox 890 641 1009 701; x_wconf 88' lang='lat' dir='ltr'>offerens</span> <span class='ocrx_word' id='word_1_43' title='bbox 1041 641 1159 719; x_wconf 87' lang='lat' dir='ltr'>singulis</span> 
     </span>
     <span class='ocr_line' id='line_1_6' title="bbox 117 718 1159 804; baseline 0.001 -18"><span class='ocrx_word' id='word_1_44' title='bbox 117 727 233 788; x_wconf 90' lang='lat' dir='ltr'>diebus.</span> <span class='ocrx_word' id='word_1_45' title='bbox 275 727 418 803; x_wconf 82' lang='lat' dir='ltr'>Tempore</span> <span class='ocrx_word' id='word_1_46' title='bbox 440 727 586 788; x_wconf 81' lang='lat' dir='ltr'>electionis</span> <span class='ocrx_word' id='word_1_47' title='bbox 609 745 674 788; x_wconf 89' lang='lat' dir='ltr'>eum</span> <span class='ocrx_word' id='word_1_48' title='bbox 695 718 760 786; x_wconf 83' lang='lat' dir='ltr'>Rex</span> <span class='ocrx_word' id='word_1_49' title='bbox 780 744 832 804; x_wconf 92' lang='lat' dir='ltr'>pro</span> <span class='ocrx_word' id='word_1_50' title='bbox 854 727 997 804; x_wconf 84' lang='lat' dir='ltr'>Episcopo</span> <span class='ocrx_word' id='word_1_51' title='bbox 1022 725 1159 787; x_wconf 78' lang='lat' dir='ltr'>Camera-</span> 
     </span>
     <span class='ocr_line' id='line_1_7' title="bbox 117 813 1160 890; baseline -0.002 -16"><span class='ocrx_word' id='word_1_52' title='bbox 117 816 200 874; x_wconf 85' lang='lat' dir='ltr'>censi</span> <span class='ocrx_word' id='word_1_53' title='bbox 226 813 429 889; x_wconf 83' lang='lat' dir='ltr'>intercederet,</span> <span class='ocrx_word' id='word_1_54' title='bbox 459 816 542 890; x_wconf 89' lang='lat' dir='ltr'>eique</span> <span class='ocrx_word' id='word_1_55' title='bbox 563 815 601 874; x_wconf 88' lang='lat' dir='ltr'>ab</span> <span class='ocrx_word' id='word_1_56' title='bbox 625 813 797 875; x_wconf 85' lang='lat' dir='ltr'>electoribus</span> <span class='ocrx_word' id='word_1_57' title='bbox 818 814 1053 890; x_wconf 81' lang='lat' dir='ltr'>responderetur,</span> <span class='ocrx_word' id='word_1_58' title='bbox 1083 815 1160 890; x_wconf 87' lang='lat' dir='ltr'>quod</span> 
     </span>
     <span class='ocr_line' id='line_1_8' title="bbox 113 899 1161 978; baseline 0 -19"><span class='ocrx_word' id='word_1_59' title='bbox 113 899 228 960; x_wconf 85' lang='lat' dir='ltr'>idioma</span> <span class='ocrx_word' id='word_1_60' title='bbox 262 907 368 962; x_wconf 82' lang='lat' dir='ltr'>terroe.</span> <span class='ocrx_word' id='word_1_61' title='bbox 389 903 549 978; x_wconf 82' lang='lat' dir='ltr'>ignoraret,</span> <span class='ocrx_word' id='word_1_62' title='bbox 582 903 713 961; x_wconf 71' lang='lat' dir='ltr'>comant</span> <span class='ocrx_word' id='word_1_63' title='bbox 760 900 827 960; x_wconf 85' lang='lat' dir='ltr'>Hoc</span> <span class='ocrx_word' id='word_1_64' title='bbox 857 903 952 977; x_wconf 90' lang='lat' dir='ltr'>ipsum</span> <span class='ocrx_word' id='word_1_65' title='bbox 979 900 1161 976; x_wconf 84' lang='lat' dir='ltr'>praedixerat</span> 
     </span>
     <span class='ocr_line' id='line_1_9' title="bbox 115 985 1160 1066; baseline 0 -20"><span class='ocrx_word' id='word_1_66' title='bbox 115 988 267 1064; x_wconf 76' lang='lat' dir='ltr'>praelatis</span> <span class='ocrx_word' id='word_1_67' title='bbox 286 985 480 1048; x_wconf 84' lang='lat' dir='ltr'>Hermannus.</span> <span class='ocrx_word' id='word_1_68' title='bbox 522 987 604 1047; x_wconf 84' lang='lat' dir='ltr'>Tunc</span> <span class='ocrx_word' id='word_1_69' title='bbox 638 987 775 1048; x_wconf 88' lang='lat' dir='ltr'>electores</span> <span class='ocrx_word' id='word_1_70' title='bbox 797 990 925 1063; x_wconf 89' lang='lat' dir='ltr'>personis</span> <span class='ocrx_word' id='word_1_71' title='bbox 947 994 1070 1066; x_wconf 71' lang='lat' dir='ltr'>qptatuor</span> <span class='ocrx_word' id='word_1_72' title='bbox 1090 995 1160 1046; x_wconf 86' lang='lat' dir='ltr'>vota</span> 
     </span>
     <span class='ocr_line' id='line_1_10' title="bbox 116 1072 1160 1151; baseline -0.003 -16"><span class='ocrx_word' id='word_1_73' title='bbox 116 1093 175 1135; x_wconf 86' lang='lat' dir='ltr'>sna</span> <span class='ocrx_word' id='word_1_74' title='bbox 198 1076 414 1149; x_wconf 88' lang='lat' dir='ltr'>commiserunt,</span> <span class='ocrx_word' id='word_1_75' title='bbox 435 1092 454 1134; x_wconf 90' lang='lat' dir='ltr'>a</span> <span class='ocrx_word' id='word_1_76' title='bbox 476 1075 579 1151; x_wconf 89' lang='lat' dir='ltr'>quibus</span> <span class='ocrx_word' id='word_1_77' title='bbox 601 1072 795 1134; x_wconf 84' lang='lat' dir='ltr'>Theodericus</span> <span class='ocrx_word' id='word_1_78' title='bbox 816 1076 845 1131; x_wconf 89' lang='lat' dir='ltr'>in</span> <span class='ocrx_word' id='word_1_79' title='bbox 866 1073 1031 1134; x_wconf 87' lang='lat' dir='ltr'>Antistitem</span> <span class='ocrx_word' id='word_1_80' title='bbox 1053 1074 1160 1134; x_wconf 88' lang='lat' dir='ltr'>electus</span> 
     </span>
     <span class='ocr_line' id='line_1_11' title="bbox 118 1157 1160 1240; baseline -0.003 -18"><span class='ocrx_word' id='word_1_81' title='bbox 118 1169 175 1222; x_wconf 86' lang='lat' dir='ltr'>est.</span> <span class='ocrx_word' id='word_1_82' title='bbox 219 1160 276 1238; x_wconf 87' lang='lat' dir='ltr'>Qui</span> <span class='ocrx_word' id='word_1_83' title='bbox 301 1167 369 1238; x_wconf 89' lang='lat' dir='ltr'>post</span> <span class='ocrx_word' id='word_1_84' title='bbox 397 1160 457 1220; x_wconf 91' lang='lat' dir='ltr'>dies</span> <span class='ocrx_word' id='word_1_85' title='bbox 485 1178 595 1237; x_wconf 86' lang='lat' dir='ltr'>paucos</span> <span class='ocrx_word' id='word_1_86' title='bbox 624 1178 642 1219; x_wconf 89' lang='lat' dir='ltr'>a</span> <span class='ocrx_word' id='word_1_87' title='bbox 670 1160 752 1220; x_wconf 90' lang='lat' dir='ltr'>malis</span> <span class='ocrx_word' id='word_1_88' title='bbox 782 1161 946 1220; x_wconf 87' lang='lat' dir='ltr'>consiliariis</span> <span class='ocrx_word' id='word_1_89' title='bbox 954 1157 975 1240; x_wconf 77' lang='lat'>²)</span> <span class='ocrx_word' id='word_1_90' title='bbox 998 1163 1027 1218; x_wconf 92' lang='lat' dir='ltr'>in</span> <span class='ocrx_word' id='word_1_91' title='bbox 1049 1167 1160 1220; x_wconf 87' lang='lat' dir='ltr'>tantum</span> 
     </span>
     <span class='ocr_line' id='line_1_12' title="bbox 118 1246 1160 1325; baseline 0.002 -19"><span class='ocrx_word' id='word_1_92' title='bbox 118 1247 297 1325; x_wconf 82' lang='lat' dir='ltr'>depravatus</span> <span class='ocrx_word' id='word_1_93' title='bbox 319 1254 378 1322; x_wconf 90' lang='lat' dir='ltr'>est,</span> <span class='ocrx_word' id='word_1_94' title='bbox 400 1254 433 1306; x_wconf 93' lang='lat' dir='ltr'>ut</span> <span class='ocrx_word' id='word_1_95' title='bbox 453 1247 596 1308; x_wconf 87' lang='lat' dir='ltr'>modicam</span> <span class='ocrx_word' id='word_1_96' title='bbox 618 1248 737 1307; x_wconf 87' lang='lat' dir='ltr'>haberet</span> <span class='ocrx_word' id='word_1_97' title='bbox 759 1246 945 1307; x_wconf 84' lang='lat' dir='ltr'>differentiam</span> <span class='ocrx_word' id='word_1_98' title='bbox 966 1249 1039 1307; x_wconf 89' lang='lat' dir='ltr'>inter</span> <span class='ocrx_word' id='word_1_99' title='bbox 1059 1265 1160 1324; x_wconf 90' lang='lat' dir='ltr'>perso-</span> 
     </span>
     <span class='ocr_line' id='line_1_13' title="bbox 117 1333 1158 1410; baseline -0.002 -16"><span class='ocrx_word' id='word_1_100' title='bbox 117 1351 174 1394; x_wconf 88' lang='lat' dir='ltr'>nas</span> <span class='ocrx_word' id='word_1_101' title='bbox 196 1333 282 1396; x_wconf 89' lang='lat' dir='ltr'>laicas</span> <span class='ocrx_word' id='word_1_102' title='bbox 297 1341 326 1394; x_wconf 90' lang='lat' dir='ltr'>et</span> <span class='ocrx_word' id='word_1_103' title='bbox 339 1334 556 1410; x_wconf 84' lang='lat' dir='ltr'>ecclesiasticas,</span> <span class='ocrx_word' id='word_1_104' title='bbox 577 1336 651 1394; x_wconf 88' lang='lat' dir='ltr'>inter</span> <span class='ocrx_word' id='word_1_105' title='bbox 671 1335 792 1393; x_wconf 89' lang='lat' dir='ltr'>rusticos</span> <span class='ocrx_word' id='word_1_106' title='bbox 815 1340 844 1393; x_wconf 89' lang='lat' dir='ltr'>et</span> <span class='ocrx_word' id='word_1_107' title='bbox 865 1335 1040 1409; x_wconf 84' lang='lat' dir='ltr'>monachos,</span> <span class='ocrx_word' id='word_1_108' title='bbox 1056 1339 1158 1410; x_wconf 20' lang='lat' dir='ltr'>&#39;aeque</span> 
     </span>
     <span class='ocr_line' id='line_1_14' title="bbox 117 1418 1157 1501; baseline -0.003 -19"><span class='ocrx_word' id='word_1_109' title='bbox 117 1422 158 1482; x_wconf 77' lang='lat' dir='ltr'>ab</span> <span class='ocrx_word' id='word_1_110' title='bbox 174 1419 219 1480; x_wconf 83' lang='lat' dir='ltr'>his</span> <span class='ocrx_word' id='word_1_111' title='bbox 241 1428 272 1480; x_wconf 89' lang='lat' dir='ltr'>ut</span> <span class='ocrx_word' id='word_1_112' title='bbox 292 1422 331 1480; x_wconf 89' lang='lat' dir='ltr'>ab</span> <span class='ocrx_word' id='word_1_113' title='bbox 353 1420 416 1480; x_wconf 90' lang='lat' dir='ltr'>aliis</span> <span class='ocrx_word' id='word_1_114' title='bbox 437 1418 618 1501; x_wconf 82' lang='lat' dir='ltr'>theolonea³)</span> <span class='ocrx_word' id='word_1_115' title='bbox 639 1422 789 1497; x_wconf 86' lang='lat' dir='ltr'>recipiens,</span> <span class='ocrx_word' id='word_1_116' title='bbox 808 1420 940 1480; x_wconf 89' lang='lat' dir='ltr'>indebitis</span> <span class='ocrx_word' id='word_1_117' title='bbox 962 1423 1157 1480; x_wconf 85' lang='lat' dir='ltr'>exactionibus</span> 
     </span>
     <span class='ocr_line' id='line_1_15' title="bbox 117 1507 1160 1586; baseline 0 -18"><span class='ocrx_word' id='word_1_118' title='bbox 117 1517 260 1585; x_wconf 84' lang='lat' dir='ltr'>utrosque</span> <span class='ocrx_word' id='word_1_119' title='bbox 280 1525 415 1586; x_wconf 78' lang='lat' dir='ltr'>gravam.</span> <span class='ocrx_word' id='word_1_120' title='bbox 456 1508 511 1567; x_wconf 88' lang='lat' dir='ltr'>His</span> <span class='ocrx_word' id='word_1_121' title='bbox 539 1507 659 1583; x_wconf 89' lang='lat' dir='ltr'>aliisque</span> <span class='ocrx_word' id='word_1_122' title='bbox 687 1510 748 1567; x_wconf 89' lang='lat' dir='ltr'>eius</span> <span class='ocrx_word' id='word_1_123' title='bbox 775 1509 887 1567; x_wconf 85' lang='lat' dir='ltr'>actibus</span> <span class='ocrx_word' id='word_1_124' title='bbox 915 1507 997 1566; x_wconf 89' lang='lat' dir='ltr'>malis</span> <span class='ocrx_word' id='word_1_125' title='bbox 1018 1508 1075 1567; x_wconf 91' lang='lat' dir='ltr'>Dei</span> <span class='ocrx_word' id='word_1_126' title='bbox 1098 1507 1160 1568; x_wconf 85' lang='lat' dir='ltr'>Ge-</span> 
     </span>
     <span class='ocr_line' id='line_1_16' title="bbox 116 1594 1159 1671; baseline -0.002 -17"><span class='ocrx_word' id='word_1_127' title='bbox 116 1596 206 1654; x_wconf 87' lang='lat' dir='ltr'>nitrix</span> <span class='ocrx_word' id='word_1_128' title='bbox 228 1597 346 1669; x_wconf 80' lang='lat' dir='ltr'>irritata,</span> <span class='ocrx_word' id='word_1_129' title='bbox 367 1596 434 1671; x_wconf 86' lang='lat' dir='ltr'>egit,</span> <span class='ocrx_word' id='word_1_130' title='bbox 454 1597 528 1654; x_wconf 88' lang='lat' dir='ltr'>sicut</span> <span class='ocrx_word' id='word_1_131' title='bbox 550 1612 585 1654; x_wconf 83' lang='lat' dir='ltr'>er</span> <span class='ocrx_word' id='word_1_132' title='bbox 600 1596 738 1670; x_wconf 89' lang='lat' dir='ltr'>superiori</span> <span class='ocrx_word' id='word_1_133' title='bbox 758 1597 867 1653; x_wconf 80' lang='lat' dir='ltr'>visione</span> <span class='ocrx_word' id='word_1_134' title='bbox 890 1594 1039 1670; x_wconf 86' lang='lat' dir='ltr'>colligitur,</span> <span class='ocrx_word' id='word_1_135' title='bbox 1061 1603 1092 1652; x_wconf 90' lang='lat' dir='ltr'>ut</span> <span class='ocrx_word' id='word_1_136' title='bbox 1114 1598 1159 1652; x_wconf 91' lang='lat' dir='ltr'>in-</span> 
     </span>
     <span class='ocr_line' id='line_1_17' title="bbox 117 1677 1159 1762; baseline -0.003 -21"><span class='ocrx_word' id='word_1_137' title='bbox 117 1681 208 1758; x_wconf 84' lang='lat' dir='ltr'>digne</span> <span class='ocrx_word' id='word_1_138' title='bbox 230 1677 328 1762; x_wconf 64' lang='lat' dir='ltr'>satist)</span> <span class='ocrx_word' id='word_1_139' title='bbox 350 1698 370 1740; x_wconf 86' lang='lat' dir='ltr'>a</span> <span class='ocrx_word' id='word_1_140' title='bbox 390 1681 560 1757; x_wconf 79' lang='lat' dir='ltr'>Magantino</span> <span class='ocrx_word' id='word_1_141' title='bbox 583 1681 772 1758; x_wconf 90' lang='lat' dir='ltr'>deponeretur</span> <span class='ocrx_word' id='word_1_142' title='bbox 789 1681 941 1757; x_wconf 88' lang='lat' dir='ltr'>Episcopo,</span> <span class='ocrx_word' id='word_1_143' title='bbox 963 1680 1076 1740; x_wconf 88' lang='lat' dir='ltr'>aemulo</span> <span class='ocrx_word' id='word_1_144' title='bbox 1099 1684 1159 1740; x_wconf 89' lang='lat' dir='ltr'>eius</span> 
     </span>
     <span class='ocr_line' id='line_1_18' title="bbox 114 1766 1160 1846; baseline -0.005 -16"><span class='ocrx_word' id='word_1_145' title='bbox 114 1785 171 1846; x_wconf 84' lang='lat' dir='ltr'>per</span> <span class='ocrx_word' id='word_1_146' title='bbox 200 1767 367 1828; x_wconf 86' lang='lat' dir='ltr'>electionem</span> <span class='ocrx_word' id='word_1_147' title='bbox 401 1767 563 1828; x_wconf 88' lang='lat' dir='ltr'>substituto.</span> <span class='ocrx_word' id='word_1_148' title='bbox 614 1766 818 1828; x_wconf 84' lang='lat' dir='ltr'>NOVICIUS:</span> <span class='ocrx_word' id='word_1_149' title='bbox 848 1767 932 1843; x_wconf 83' lang='lat' dir='ltr'>Quod</span> <span class='ocrx_word' id='word_1_150' title='bbox 962 1767 1048 1826; x_wconf 89' lang='lat' dir='ltr'>durus</span> <span class='ocrx_word' id='word_1_151' title='bbox 1077 1768 1160 1828; x_wconf 87' lang='lat' dir='ltr'>fuerit</span> 
     </span>
     <span class='ocr_line' id='line_1_19' title="bbox 112 1852 1157 1931; baseline -0.004 -16"><span class='ocrx_word' id='word_1_152' title='bbox 112 1855 209 1915; x_wconf 91' lang='lat' dir='ltr'>ordini</span> <span class='ocrx_word' id='word_1_153' title='bbox 236 1860 334 1916; x_wconf 88' lang='lat' dir='ltr'>nostro</span> <span class='ocrx_word' id='word_1_154' title='bbox 363 1855 392 1912; x_wconf 93' lang='lat' dir='ltr'>in</span> <span class='ocrx_word' id='word_1_155' title='bbox 413 1853 606 1931; x_wconf 87' lang='lat' dir='ltr'>Episcopatu,</span> <span class='ocrx_word' id='word_1_156' title='bbox 640 1856 709 1913; x_wconf 89' lang='lat' dir='ltr'>satis</span> <span class='ocrx_word' id='word_1_157' title='bbox 737 1853 871 1913; x_wconf 84' lang='lat' dir='ltr'>intellexi.</span> <span class='ocrx_word' id='word_1_158' title='bbox 921 1852 1157 1915; x_wconf 79' lang='lat' dir='ltr'><strong>MONAOHUS:</strong></span> 
     </span>
     <span class='ocr_line' id='line_1_20' title="bbox 111 1939 1159 2016; baseline -0.002 -14"><span class='ocrx_word' id='word_1_159' title='bbox 111 1941 229 2002; x_wconf 87' lang='lat' dir='ltr'>Idcirco</span> <span class='ocrx_word' id='word_1_160' title='bbox 258 1943 358 2000; x_wconf 92' lang='lat' dir='ltr'>merito</span> <span class='ocrx_word' id='word_1_161' title='bbox 387 1940 425 2000; x_wconf 87' lang='lat' dir='ltr'>ab</span> <span class='ocrx_word' id='word_1_162' title='bbox 454 1941 504 2000; x_wconf 90' lang='lat' dir='ltr'>illa</span> <span class='ocrx_word' id='word_1_163' title='bbox 526 1940 652 2000; x_wconf 89' lang='lat' dir='ltr'>deiectus</span> <span class='ocrx_word' id='word_1_164' title='bbox 675 1947 735 2016; x_wconf 90' lang='lat' dir='ltr'>est,</span> <span class='ocrx_word' id='word_1_165' title='bbox 763 1958 838 2016; x_wconf 87' lang='lat' dir='ltr'>quae</span> <span class='ocrx_word' id='word_1_166' title='bbox 860 1939 965 2000; x_wconf 88' lang='lat' dir='ltr'>ordinis</span> <span class='ocrx_word' id='word_1_167' title='bbox 1000 1947 1043 2000; x_wconf 90' lang='lat' dir='ltr'>est</span> <span class='ocrx_word' id='word_1_168' title='bbox 1065 1941 1159 2000; x_wconf 83' lang='lat' dir='ltr'>advo·</span> 
     </span>
     <span class='ocr_line' id='line_1_21' title="bbox 111 2025 1158 2104; baseline -0.003 -14"><span class='ocrx_word' id='word_1_169' title='bbox 111 2035 193 2090; x_wconf 81' lang='lat' dir='ltr'>cata.</span> <span class='ocrx_word' id='word_1_170' title='bbox 237 2025 331 2088; x_wconf 79' lang='lat' dir='ltr'>Tanta</span> <span class='ocrx_word' id='word_1_171' title='bbox 352 2026 391 2086; x_wconf 91' lang='lat' dir='ltr'>illi</span> <span class='ocrx_word' id='word_1_172' title='bbox 414 2044 483 2087; x_wconf 89' lang='lat' dir='ltr'>cura</span> <span class='ocrx_word' id='word_1_173' title='bbox 504 2034 549 2087; x_wconf 90' lang='lat' dir='ltr'>est</span> <span class='ocrx_word' id='word_1_174' title='bbox 571 2026 606 2087; x_wconf 90' lang='lat' dir='ltr'>de</span> <span class='ocrx_word' id='word_1_175' title='bbox 637 2027 751 2102; x_wconf 92' lang='lat' dir='ltr'>ordine,</span> <span class='ocrx_word' id='word_1_176' title='bbox 780 2033 812 2086; x_wconf 92' lang='lat' dir='ltr'>ut</span> <span class='ocrx_word' id='word_1_177' title='bbox 842 2029 926 2086; x_wconf 89' lang='lat' dir='ltr'>etiam</span> <span class='ocrx_word' id='word_1_178' title='bbox 957 2045 1006 2087; x_wconf 89' lang='lat' dir='ltr'>eos</span> <span class='ocrx_word' id='word_1_179' title='bbox 1037 2032 1085 2104; x_wconf 90' lang='lat' dir='ltr'>qui</span> <span class='ocrx_word' id='word_1_180' title='bbox 1115 2027 1158 2088; x_wconf 90' lang='lat' dir='ltr'>le-</span> 
     </span>
     <span class='ocr_line' id='line_1_22' title="bbox 111 2112 1159 2190; baseline -0.004 -14"><span class='ocrx_word' id='word_1_181' title='bbox 111 2117 191 2176; x_wconf 81' lang='lat' dir='ltr'>viter</span> <span class='ocrx_word' id='word_1_182' title='bbox 205 2112 360 2174; x_wconf 85' lang='lat' dir='ltr'>detrahunt</span> <span class='ocrx_word' id='word_1_183' title='bbox 374 2113 421 2190; x_wconf 87' lang='lat' dir='ltr'>illi,</span> <span class='ocrx_word' id='word_1_184' title='bbox 443 2115 504 2174; x_wconf 88' lang='lat' dir='ltr'>sine</span> <span class='ocrx_word' id='word_1_185' title='bbox 520 2117 696 2190; x_wconf 89' lang='lat' dir='ltr'>correptione</span> <span class='ocrx_word' id='word_1_186' title='bbox 712 2131 769 2174; x_wconf 92' lang='lat' dir='ltr'>non</span> <span class='ocrx_word' id='word_1_187' title='bbox 786 2120 922 2174; x_wconf 90' lang='lat' dir='ltr'>transeat.</span> <span class='ocrx_word' id='word_1_188' title='bbox 954 2114 1043 2174; x_wconf 85' lang='lat' dir='ltr'>Verbi</span> <span class='ocrx_word' id='word_1_189' title='bbox 1059 2118 1159 2190; x_wconf 77' lang='lat' dir='ltr'>gratia.</span> 
     </span>
    </p>
   </div>
   <div class='ocr_carea' id='block_1_3' title="bbox 474 2304 812 2368">
    <p class='ocr_par' dir='ltr' id='par_1_3' title="bbox 474 2304 812 2368">
     <span class='ocr_line' id='line_1_23' title="bbox 474 2304 812 2368; baseline -0.006 -2"><span class='ocrx_word' id='word_1_190' title='bbox 474 2305 707 2368; x_wconf 80' lang='lat' dir='ltr'><strong>CAPITULUM</strong></span> <span class='ocrx_word' id='word_1_191' title='bbox 731 2304 812 2366; x_wconf 75' lang='lat' dir='ltr'>xtt</span> 
     </span>
    </p>
   </div>
   <div class='ocr_carea' id='block_1_4' title="bbox 160 2423 1115 2592">
    <p class='ocr_par' dir='ltr' id='par_1_4' title="bbox 160 2423 1115 2592">
     <span class='ocr_line' id='line_1_24' title="bbox 160 2423 1115 2505; baseline -0.003 -17"><span class='ocrx_word' id='word_1_192' title='bbox 160 2429 209 2488; x_wconf 85' lang='lat' dir='ltr'>De</span> <span class='ocrx_word' id='word_1_193' title='bbox 230 2429 363 2489; x_wconf 77' lang='lat' dir='ltr'>scholare</span> <span class='ocrx_word' id='word_1_194' title='bbox 385 2423 565 2502; x_wconf 71' lang='lat' dir='ltr'>cumetensi,</span> <span class='ocrx_word' id='word_1_195' title='bbox 593 2447 680 2505; x_wconf 82' lang='lat' dir='ltr'>quern</span> <span class='ocrx_word' id='word_1_196' title='bbox 701 2434 807 2489; x_wconf 78' lang='lat' dir='ltr'>cuncto</span> <span class='ocrx_word' id='word_1_197' title='bbox 828 2427 932 2486; x_wconf 83' lang='lat' dir='ltr'>Marto</span> <span class='ocrx_word' id='word_1_198' title='bbox 953 2432 986 2486; x_wconf 81' lang='lat' dir='ltr'>in</span> <span class='ocrx_word' id='word_1_199' title='bbox 1007 2433 1115 2486; x_wconf 81' lang='lat' dir='ltr'>comnis</span> 
     </span>
     <span class='ocr_line' id='line_1_25' title="bbox 347 2515 929 2592; baseline -0.005 -16"><span class='ocrx_word' id='word_1_200' title='bbox 347 2519 505 2592; x_wconf 75' lang='lat' dir='ltr'>corripuit,</span> <span class='ocrx_word' id='word_1_201' title='bbox 527 2533 595 2575; x_wconf 85' lang='lat' dir='ltr'>cum</span> <span class='ocrx_word' id='word_1_202' title='bbox 617 2516 715 2574; x_wconf 81' lang='lat' dir='ltr'>ordini</span> <span class='ocrx_word' id='word_1_203' title='bbox 736 2515 929 2574; x_wconf 81' lang='lat' dir='ltr'>malediceret.</span> 
     </span>
    </p>
   </div>
   <div class='ocr_carea' id='block_1_5' title="bbox 112 2634 1159 2800">
    <p class='ocr_par' dir='ltr' id='par_1_5' title="bbox 112 2634 1159 2800">
     <span class='ocr_line' id='line_1_26' title="bbox 183 2634 1159 2714; baseline -0.004 -16"><span class='ocrx_word' id='word_1_204' title='bbox 183 2634 321 2698; x_wconf 85' lang='lat' dir='ltr'>Coloniae</span> <span class='ocrx_word' id='word_1_205' title='bbox 332 2635 469 2698; x_wconf 86' lang='lat' dir='ltr'>scholaris</span> <span class='ocrx_word' id='word_1_206' title='bbox 482 2643 526 2697; x_wconf 84' lang='lat' dir='ltr'>est</span> <span class='ocrx_word' id='word_1_207' title='bbox 537 2653 612 2714; x_wconf 90' lang='lat' dir='ltr'>pene</span> <span class='ocrx_word' id='word_1_208' title='bbox 623 2636 839 2713; x_wconf 90' lang='lat' dir='ltr'>quatuordecim</span> <span class='ocrx_word' id='word_1_209' title='bbox 851 2653 999 2712; x_wconf 87' lang='lat' dir='ltr'>annorum,</span> <span class='ocrx_word' id='word_1_210' title='bbox 1012 2635 1159 2696; x_wconf 75' lang='lat' dir='ltr'>cuiusdam</span> 
     </span>
     <span class='ocr_line' id='line_1_27' title="bbox 112 2721 1159 2800; baseline -0.006 -14"><span class='ocrx_word' id='word_1_211' title='bbox 112 2725 189 2786; x_wconf 79' lang='lat' dir='ltr'>civis</span> <span class='ocrx_word' id='word_1_212' title='bbox 211 2723 295 2798; x_wconf 85' lang='lat' dir='ltr'>lilius,</span> <span class='ocrx_word' id='word_1_213' title='bbox 316 2730 345 2784; x_wconf 89' lang='lat' dir='ltr'>et</span> <span class='ocrx_word' id='word_1_214' title='bbox 360 2723 498 2784; x_wconf 88' lang='lat' dir='ltr'>ecclesiae</span> <span class='ocrx_word' id='word_1_215' title='bbox 520 2731 637 2784; x_wconf 86' lang='lat' dir='ltr'>sanotae</span> <span class='ocrx_word' id='word_1_216' title='bbox 651 2723 761 2784; x_wconf 85' lang='lat' dir='ltr'>Mariae</span> <span class='ocrx_word' id='word_1_217' title='bbox 782 2726 812 2784; x_wconf 93' lang='lat' dir='ltr'>in</span> <span class='ocrx_word' id='word_1_218' title='bbox 835 2721 974 2800; x_wconf 80' lang='lat' dir='ltr'>Capitolio</span> <span class='ocrx_word' id='word_1_219' title='bbox 998 2725 1159 2782; x_wconf 87' lang='lat' dir='ltr'>canonicus.</span> 
     </span>
    </p>
   </div>
   <div class='ocr_carea' id='block_1_6' title="bbox 132 2855 1160 3900">
    <p class='ocr_par' dir='ltr' id='par_1_6' title="bbox 132 2855 1160 3900">
     <span class='ocr_line' id='line_1_28' title="bbox 132 2855 1160 2926; baseline -0.002 -16"><span class='ocrx_word' id='word_1_220' title='bbox 132 2860 168 2926; x_wconf 87' lang='lat' dir='ltr'>l)</span> <span class='ocrx_word' id='word_1_221' title='bbox 185 2856 272 2912; x_wconf 75' lang='lat' dir='ltr'>sucu</span> <span class='ocrx_word' id='word_1_222' title='bbox 289 2856 382 2908; x_wconf 84' lang='lat' dir='ltr'>illud.</span> <span class='ocrx_word' id='word_1_223' title='bbox 402 2885 433 2896; x_wconf 93' lang='lat'><em>-</em></span> <span class='ocrx_word' id='word_1_224' title='bbox 453 2856 485 2922; x_wconf 82' lang='lat'>2)</span> <span class='ocrx_word' id='word_1_225' title='bbox 503 2855 592 2908; x_wconf 89' lang='lat' dir='ltr'>llomil.</span> <span class='ocrx_word' id='word_1_226' title='bbox 612 2856 640 2908; x_wconf 92' lang='lat' dir='ltr'>ll.</span> <span class='ocrx_word' id='word_1_227' title='bbox 658 2873 683 2924; x_wconf 86' lang='lat' dir='ltr'>p.</span> <span class='ocrx_word' id='word_1_228' title='bbox 702 2857 750 2910; x_wconf 86' lang='lat'>98:</span> <span class='ocrx_word' id='word_1_229' title='bbox 775 2856 829 2922; x_wconf 77' lang='lat' dir='ltr'>,Ab</span> <span class='ocrx_word' id='word_1_230' title='bbox 848 2857 887 2908; x_wconf 85' lang='lat' dir='ltr'>lris</span> <span class='ocrx_word' id='word_1_231' title='bbox 905 2855 1010 2908; x_wconf 88' lang='lat' dir='ltr'>eductus</span> <span class='ocrx_word' id='word_1_232' title='bbox 1033 2865 1059 2906; x_wconf 87' lang='lat' dir='ltr'>et</span> <span class='ocrx_word' id='word_1_233' title='bbox 1082 2859 1160 2908; x_wconf 86' lang='lat' dir='ltr'>sedu-</span> 
     </span>
     <span class='ocr_line' id='line_1_29' title="bbox 187 2925 1159 2995; baseline 0.002 -17"><span class='ocrx_word' id='word_1_234' title='bbox 187 2937 259 2988; x_wconf 74' lang='lat' dir='ltr'>ctas,</span> <span class='ocrx_word' id='word_1_235' title='bbox 285 2942 332 2995; x_wconf 85' lang='lat' dir='ltr'>per</span> <span class='ocrx_word' id='word_1_236' title='bbox 356 2935 434 2978; x_wconf 84' lang='lat' dir='ltr'>totam</span> <span class='ocrx_word' id='word_1_237' title='bbox 452 2925 674 2995; x_wconf 71' lang='lat' dir='ltr'>Quadrupesirnam</span> <span class='ocrx_word' id='word_1_238' title='bbox 692 2943 743 2980; x_wconf 91' lang='lat' dir='ltr'>non</span> <span class='ocrx_word' id='word_1_239' title='bbox 761 2927 916 2980; x_wconf 84' lang='lat' dir='ltr'>orationibus</span> <span class='ocrx_word' id='word_1_240' title='bbox 933 2935 960 2977; x_wconf 89' lang='lat' dir='ltr'>ct</span> <span class='ocrx_word' id='word_1_241' title='bbox 977 2926 1159 2994; x_wconf 75' lang='lat' dir='ltr'>eleemosynis,</span> 
     </span>
     <span class='ocr_line' id='line_1_30' title="bbox 188 2995 1158 3064; baseline -0.002 -14"><span class='ocrx_word' id='word_1_242' title='bbox 188 2995 234 3050; x_wconf 75' lang='lat' dir='ltr'>sed</span> <span class='ocrx_word' id='word_1_243' title='bbox 252 2995 374 3049; x_wconf 82' lang='lat' dir='ltr'>incendiis</span> <span class='ocrx_word' id='word_1_244' title='bbox 396 2997 496 3048; x_wconf 82' lang='lat' dir='ltr'>vacarit</span> <span class='ocrx_word' id='word_1_245' title='bbox 513 3005 589 3063; x_wconf 84' lang='lat' dir='ltr'>atquc</span> <span class='ocrx_word' id='word_1_246' title='bbox 606 2997 709 3064; x_wconf 86' lang='lat' dir='ltr'>rapinis.</span> <span class='ocrx_word' id='word_1_247' title='bbox 745 2995 816 3048; x_wconf 87' lang='lat' dir='ltr'>Unde</span> <span class='ocrx_word' id='word_1_248' title='bbox 840 2995 930 3048; x_wconf 88' lang='lat' dir='ltr'>eodem</span> <span class='ocrx_word' id='word_1_249' title='bbox 954 3004 1068 3062; x_wconf 87' lang='lat' dir='ltr'>tempore</span> <span class='ocrx_word' id='word_1_250' title='bbox 1093 3001 1158 3050; x_wconf 86' lang='lat' dir='ltr'>iusto</span> 
     </span>
     <span class='ocr_line' id='line_1_31' title="bbox 188 3063 1159 3133; baseline -0.001 -13"><span class='ocrx_word' id='word_1_251' title='bbox 188 3066 235 3120; x_wconf 79' lang='lat' dir='ltr'>uei</span> <span class='ocrx_word' id='word_1_252' title='bbox 244 3065 335 3118; x_wconf 89' lang='lat' dir='ltr'>iudicio</span> <span class='ocrx_word' id='word_1_253' title='bbox 346 3067 578 3118; x_wconf 78' lang='lat' dir='ltr'>excommunicatus</span> <span class='ocrx_word' id='word_1_254' title='bbox 590 3075 666 3118; x_wconf 86' lang='lat' dir='ltr'>estet</span> <span class='ocrx_word' id='word_1_255' title='bbox 678 3063 833 3132; x_wconf 81' lang='lat' dir='ltr'>depositus.“</span> <span class='ocrx_word' id='word_1_256' title='bbox 846 3096 874 3104; x_wconf 99' lang='lat'><em>-</em></span> <span class='ocrx_word' id='word_1_257' title='bbox 887 3066 919 3133; x_wconf 87' lang='grc'>3)</span> <span class='ocrx_word' id='word_1_258' title='bbox 930 3064 970 3126; x_wconf 85' lang='lat' dir='ltr'>BP</span> <span class='ocrx_word' id='word_1_259' title='bbox 983 3065 1159 3130; x_wconf 86' lang='lat' dir='ltr'>theolonia,</span> 
     </span>
     <span class='ocr_line' id='line_1_32' title="bbox 187 3133 1158 3204; baseline 0 -16"><span class='ocrx_word' id='word_1_260' title='bbox 187 3135 209 3188; x_wconf 81' lang='lat' dir='ltr'>b</span> <span class='ocrx_word' id='word_1_261' title='bbox 229 3135 394 3199; x_wconf 83' lang='lat' dir='ltr'>thelonia,</span> <span class='ocrx_word' id='word_1_262' title='bbox 411 3133 455 3188; x_wconf 77' lang='lat' dir='ltr'>tc</span> <span class='ocrx_word' id='word_1_263' title='bbox 473 3134 639 3186; x_wconf 83' lang='lat' dir='ltr'>thelonea.</span> <span class='ocrx_word' id='word_1_264' title='bbox 653 3165 683 3176; x_wconf 91' lang='lat'><em>-</em></span> <span class='ocrx_word' id='word_1_265' title='bbox 697 3136 729 3203; x_wconf 78' lang='grc'>4)</span> <span class='ocrx_word' id='word_1_266' title='bbox 747 3135 882 3204; x_wconf 83' lang='lat' dir='ltr'>indigne</span> <span class='ocrx_word' id='word_1_267' title='bbox 902 3140 984 3187; x_wconf 89' lang='lat' dir='ltr'>satis</span> <span class='ocrx_word' id='word_1_268' title='bbox 1003 3151 1043 3188; x_wconf 89' lang='lat' dir='ltr'>om</span> <span class='ocrx_word' id='word_1_269' title='bbox 1062 3135 1096 3200; x_wconf 74' lang='lat'>03</span> <span class='ocrx_word' id='word_1_270' title='bbox 1115 3138 1158 3188; x_wconf 84' lang='lat' dir='ltr'>seri</span> 
     </span>
     <span class='ocr_line' id='line_1_33' title="bbox 187 3203 1160 3274; baseline 0.002 -18"><span class='ocrx_word' id='word_1_271' title='bbox 187 3203 315 3256; x_wconf 78' lang='lat' dir='ltr'>videvit.</span> <span class='ocrx_word' id='word_1_272' title='bbox 333 3203 439 3274; x_wconf 71' lang='lat' dir='ltr'>Engelb.</span> <span class='ocrx_word' id='word_1_273' title='bbox 458 3203 478 3266; x_wconf 86' lang='lat' dir='ltr'>l,</span> <span class='ocrx_word' id='word_1_274' title='bbox 495 3204 520 3256; x_wconf 78' lang='lat'>3.</span> <span class='ocrx_word' id='word_1_275' title='bbox 555 3203 645 3256; x_wconf 80' lang='lat' dir='ltr'>llomil.</span> <span class='ocrx_word' id='word_1_276' title='bbox 663 3204 704 3256; x_wconf 94' lang='lat' dir='ltr'>lll.</span> <span class='ocrx_word' id='word_1_277' title='bbox 723 3220 749 3272; x_wconf 88' lang='lat' dir='ltr'>p.</span> <span class='ocrx_word' id='word_1_278' title='bbox 767 3205 816 3256; x_wconf 85' lang='lat'>22:</span> <span class='ocrx_word' id='word_1_279' title='bbox 842 3205 919 3270; x_wconf 84' lang='lat' dir='ltr'>,Cum</span> <span class='ocrx_word' id='word_1_280' title='bbox 937 3206 1017 3272; x_wconf 85' lang='lat' dir='ltr'>culpis</span> <span class='ocrx_word' id='word_1_281' title='bbox 1035 3209 1087 3259; x_wconf 84' lang='lat' dir='ltr'>suis</span> <span class='ocrx_word' id='word_1_282' title='bbox 1104 3211 1160 3258; x_wconf 83' lang='lat' dir='ltr'>exi-</span> 
     </span>
     <span class='ocr_line' id='line_1_34' title="bbox 187 3271 1159 3344; baseline 0.002 -18"><span class='ocrx_word' id='word_1_283' title='bbox 187 3273 315 3344; x_wconf 71' lang='lat' dir='ltr'>gentibus,</span> <span class='ocrx_word' id='word_1_284' title='bbox 333 3271 435 3342; x_wconf 78' lang='lat' dir='ltr'>indigne</span> <span class='ocrx_word' id='word_1_285' title='bbox 447 3275 508 3327; x_wconf 82' lang='lat' dir='ltr'>satis</span> <span class='ocrx_word' id='word_1_286' title='bbox 521 3281 547 3324; x_wconf 87' lang='lat' dir='ltr'>et</span> <span class='ocrx_word' id='word_1_287' title='bbox 558 3273 670 3326; x_wconf 86' lang='lat' dir='ltr'>indebite</span> <span class='ocrx_word' id='word_1_288' title='bbox 682 3273 821 3341; x_wconf 79' lang='lat' dir='ltr'>depositus,</span> <span class='ocrx_word' id='word_1_289' title='bbox 838 3275 972 3344; x_wconf 83' lang='lat' dir='ltr'>multisque</span> <span class='ocrx_word' id='word_1_290' title='bbox 985 3278 1159 3329; x_wconf 79' lang='lat' dir='ltr'>vexationibus</span> 
     </span>
     <span class='ocr_line' id='line_1_35' title="bbox 187 3343 1158 3414; baseline 0.002 -18"><span class='ocrx_word' id='word_1_291' title='bbox 187 3351 257 3396; x_wconf 74' lang='lat' dir='ltr'>earet</span> <span class='ocrx_word' id='word_1_292' title='bbox 275 3343 448 3406; x_wconf 78' lang='lat' dir='ltr'>exulceratur,</span> <span class='ocrx_word' id='word_1_293' title='bbox 474 3343 567 3396; x_wconf 85' lang='lat' dir='ltr'>curiam</span> <span class='ocrx_word' id='word_1_294' title='bbox 592 3343 653 3396; x_wconf 86' lang='lat' dir='ltr'>adiit</span> <span class='ocrx_word' id='word_1_295' title='bbox 670 3344 807 3396; x_wconf 85' lang='lat' dir='ltr'>lnnocentii</span> <span class='ocrx_word' id='word_1_296' title='bbox 826 3345 922 3412; x_wconf 85' lang='lat' dir='ltr'>Papae,</span> <span class='ocrx_word' id='word_1_297' title='bbox 944 3348 987 3414; x_wconf 90' lang='lat' dir='ltr'>qui</span> <span class='ocrx_word' id='word_1_298' title='bbox 1010 3345 1082 3398; x_wconf 85' lang='lat' dir='ltr'>dives</span> <span class='ocrx_word' id='word_1_299' title='bbox 1104 3357 1158 3398; x_wconf 81' lang='lat' dir='ltr'>erat</span> 
     </span>
     <span class='ocr_line' id='line_1_36' title="bbox 188 3411 1159 3482; baseline 0.001 -16"><span class='ocrx_word' id='word_1_300' title='bbox 188 3411 264 3466; x_wconf 74' lang='lat' dir='ltr'>valde</span> <span class='ocrx_word' id='word_1_301' title='bbox 288 3423 338 3466; x_wconf 81' lang='lat' dir='ltr'>tam</span> <span class='ocrx_word' id='word_1_302' title='bbox 363 3415 388 3466; x_wconf 91' lang='lat' dir='ltr'>in</span> <span class='ocrx_word' id='word_1_303' title='bbox 415 3411 555 3466; x_wconf 82' lang='lat' dir='ltr'>substantia</span> <span class='ocrx_word' id='word_1_304' title='bbox 573 3429 648 3482; x_wconf 85' lang='lat' dir='ltr'>quam</span> <span class='ocrx_word' id='word_1_305' title='bbox 666 3415 691 3464; x_wconf 91' lang='lat' dir='ltr'>in</span> <span class='ocrx_word' id='word_1_306' title='bbox 709 3415 827 3479; x_wconf 65' lang='lat' dir='ltr'>scientim</span> <span class='ocrx_word' id='word_1_307' title='bbox 852 3416 948 3466; x_wconf 88' lang='lat' dir='ltr'>iustitia</span> <span class='ocrx_word' id='word_1_308' title='bbox 966 3424 991 3465; x_wconf 86' lang='lat' dir='ltr'>et</span> <span class='ocrx_word' id='word_1_309' title='bbox 1016 3417 1159 3469; x_wconf 84' lang='lat' dir='ltr'>misericor-</span> 
     </span>
     <span class='ocr_line' id='line_1_37' title="bbox 188 3481 1159 3552; baseline 0.002 -18"><span class='ocrx_word' id='word_1_310' title='bbox 188 3481 231 3534; x_wconf 76' lang='lat' dir='ltr'>dis</span> <span class='ocrx_word' id='word_1_311' title='bbox 257 3482 305 3534; x_wconf 79' lang='lat' dir='ltr'>sibi</span> <span class='ocrx_word' id='word_1_312' title='bbox 332 3482 461 3534; x_wconf 82' lang='lat' dir='ltr'>subveniri</span> <span class='ocrx_word' id='word_1_313' title='bbox 488 3483 645 3550; x_wconf 84' lang='lat' dir='ltr'>concupiuit,</span> <span class='ocrx_word' id='word_1_314' title='bbox 672 3483 716 3534; x_wconf 81' lang='lat' dir='ltr'>sed</span> <span class='ocrx_word' id='word_1_315' title='bbox 740 3493 855 3537; x_wconf 85' lang='lat' dir='ltr'>neutrum</span> <span class='ocrx_word' id='word_1_316' title='bbox 884 3487 988 3552; x_wconf 83' lang='lat' dir='ltr'>occepit.</span> <span class='ocrx_word' id='word_1_317' title='bbox 1031 3485 1159 3538; x_wconf 80' lang='lat' dir='ltr'>Venerunt</span> 
     </span>
     <span class='ocr_line' id='line_1_38' title="bbox 187 3551 1157 3622; baseline 0 -18"><span class='ocrx_word' id='word_1_318' title='bbox 187 3555 255 3605; x_wconf 80' lang='lat' dir='ltr'>euim</span> <span class='ocrx_word' id='word_1_319' title='bbox 284 3568 315 3603; x_wconf 82' lang='lat' dir='ltr'>ex</span> <span class='ocrx_word' id='word_1_320' title='bbox 333 3551 506 3604; x_wconf 80' lang='lat' dir='ltr'>cardinalibus</span> <span class='ocrx_word' id='word_1_321' title='bbox 532 3551 645 3620; x_wconf 85' lang='lat' dir='ltr'>quidam,</span> <span class='ocrx_word' id='word_1_322' title='bbox 675 3553 848 3606; x_wconf 82' lang='lat' dir='ltr'>vexationibus</span> <span class='ocrx_word' id='word_1_323' title='bbox 877 3557 930 3606; x_wconf 83' lang='lat' dir='ltr'>eius</span> <span class='ocrx_word' id='word_1_324' title='bbox 960 3559 1157 3622; x_wconf 77' lang='lat' dir='ltr'>compatientes,</span> 
     </span>
     <span class='ocr_line' id='line_1_39' title="bbox 187 3621 1158 3693; baseline 0.001 -19"><span class='ocrx_word' id='word_1_325' title='bbox 187 3623 233 3692; x_wconf 76' lang='lat' dir='ltr'>qui</span> <span class='ocrx_word' id='word_1_326' title='bbox 259 3635 360 3676; x_wconf 79' lang='lat' dir='ltr'>caumm</span> <span class='ocrx_word' id='word_1_327' title='bbox 387 3623 442 3674; x_wconf 83' lang='lat' dir='ltr'>eius</span> <span class='ocrx_word' id='word_1_328' title='bbox 468 3621 603 3688; x_wconf 78' lang='lat' dir='ltr'>fovebunt,</span> <span class='ocrx_word' id='word_1_329' title='bbox 629 3621 674 3674; x_wconf 87' lang='lat' dir='ltr'>sed</span> <span class='ocrx_word' id='word_1_330' title='bbox 701 3623 825 3678; x_wconf 88' lang='lat' dir='ltr'>modicum</span> <span class='ocrx_word' id='word_1_331' title='bbox 852 3624 887 3676; x_wconf 91' lang='lat' dir='ltr'>illi</span> <span class='ocrx_word' id='word_1_332' title='bbox 910 3625 1010 3692; x_wconf 89' lang='lat' dir='ltr'>proluit.</span> <span class='ocrx_word' id='word_1_333' title='bbox 1046 3627 1158 3693; x_wconf 85' lang='lat' dir='ltr'>Cunrque</span> 
     </span>
     <span class='ocr_line' id='line_1_40' title="bbox 187 3690 1158 3762; baseline 0 -18"><span class='ocrx_word' id='word_1_334' title='bbox 187 3690 288 3744; x_wconf 77' lang='lat' dir='ltr'>cuidant</span> <span class='ocrx_word' id='word_1_335' title='bbox 306 3693 449 3760; x_wconf 77' lang='lat' dir='ltr'>iurisperito</span> <span class='ocrx_word' id='word_1_336' title='bbox 467 3693 578 3760; x_wconf 87' lang='lat' dir='ltr'>quinque</span> <span class='ocrx_word' id='word_1_337' title='bbox 597 3707 695 3744; x_wconf 85' lang='lat' dir='ltr'>marcae</span> <span class='ocrx_word' id='word_1_338' title='bbox 713 3692 903 3758; x_wconf 76' lang='lat' dir='ltr'>offerrereutur,</span> <span class='ocrx_word' id='word_1_339' title='bbox 939 3703 1044 3746; x_wconf 83' lang='lat' dir='ltr'>eotenus</span> <span class='ocrx_word' id='word_1_340' title='bbox 1064 3710 1108 3762; x_wconf 90' lang='lat' dir='ltr'>pro</span> <span class='ocrx_word' id='word_1_341' title='bbox 1127 3711 1158 3744; x_wconf 80' lang='lat' dir='ltr'>oo</span> 
     </span>
     <span class='ocr_line' id='line_1_41' title="bbox 188 3711 1159 3833; baseline 0.003 -20"><span class='ocrx_word' id='word_1_342' title='bbox 188 3765 215 3813; x_wconf 86' lang='lat' dir='ltr'>ln</span> <span class='ocrx_word' id='word_1_343' title='bbox 233 3761 302 3812; x_wconf 80' lang='lat' dir='ltr'>turia</span> <span class='ocrx_word' id='word_1_344' title='bbox 314 3759 468 3830; x_wconf 85' lang='lat' dir='ltr'>loqueretur,</span> <span class='ocrx_word' id='word_1_345' title='bbox 485 3761 615 3830; x_wconf 86' lang='lat' dir='ltr'>respondit</span> <span class='ocrx_word' id='word_1_346' title='bbox 631 3763 730 3832; x_wconf 81' lang='lat' dir='ltr'>iniquus</span> <span class='ocrx_word' id='word_1_347' title='bbox 748 3762 802 3818; x_wconf 90' lang='lat' dir='ltr'>ille:</span> <span class='ocrx_word' id='word_1_348' title='bbox 822 3763 876 3833; x_wconf 79' lang='lat' dir='ltr'>Ego</span> <span class='ocrx_word' id='word_1_349' title='bbox 893 3711 980 3832; x_wconf 41' lang='lat' dir='ltr'>puzan</span> <span class='ocrx_word' id='word_1_350' title='bbox 1001 3779 1082 3818; x_wconf 76' lang='lat' dir='ltr'>uicum</span> <span class='ocrx_word' id='word_1_351' title='bbox 1109 3781 1159 3817; x_wconf 89' lang='lat' dir='ltr'>non</span> 
     </span>
     <span class='ocr_line' id='line_1_42' title="bbox 189 3832 639 3900; baseline 0 -16"><span class='ocrx_word' id='word_1_352' title='bbox 189 3841 314 3884; x_wconf 73' lang='lat' dir='ltr'>sertorem</span> <span class='ocrx_word' id='word_1_353' title='bbox 333 3847 379 3898; x_wconf 89' lang='lat' dir='ltr'>pro</span> <span class='ocrx_word' id='word_1_354' title='bbox 397 3832 508 3900; x_wconf 87' lang='lat' dir='ltr'>quinque</span> <span class='ocrx_word' id='word_1_355' title='bbox 526 3833 639 3884; x_wconf 81' lang='lat' dir='ltr'>marcis.“</span> 
     </span>
    </p>
   </div>
   <div class='ocr_carea' id='block_1_7' title="bbox 0 0 1272 4248">
    <p class='ocr_par' dir='ltr' id='par_1_7' title="bbox 0 0 1272 4248">
     <span class='ocr_line' id='line_1_43' title="bbox 0 0 1272 4248; baseline 0 0"><span class='ocrx_word' id='word_1_356' title='bbox 0 0 1272 4248; x_wconf 95' lang='lat' dir='ltr'> </span> 
     </span>
    </p>
   </div>
  </div>
 </body>
</html>
