2506 4254
15 3780 37 3853 l

171 275 232 332 erc
454 228 931 336 orsrmorrounoucml

169 398 241 454 riam
263 393 437 469 excluderet,
459 395 586 455 divinum
607 396 685 472 apud
706 415 737 456 se
758 415 863 458 munus
884 397 1041 474 occultans,
1059 416 1110 460 nec
1128 417 1185 460 sen-

170 489 249 542 ctnm
266 481 347 540 deret
367 483 493 542 canibus.
534 483 573 542 Et
593 483 739 559 respondit
759 501 791 544 se
812 491 925 545 tautum
944 486 1000 546 hoc
1021 490 1103 546 unico
1121 487 1186 546 lretri

170 585 222 628 suo
262 567 368 628 cernuli
403 569 516 628 dixisse.
568 571 607 630 Et
640 570 778 630 intellexit
804 571 907 632 Abbas
934 571 1048 650 lapsum
1072 575 1185 634 bomiuis

168 656 240 715 Post
261 655 320 714 dies
341 654 451 730 aliquot
470 673 586 716 reverso
607 656 738 732 Abbate,
758 658 922 719 humiliatus
944 677 1041 720 coram
1062 677 1110 734 eo,
1128 677 1185 720 eoe-

169 742 234 802 lesti
261 760 293 802 se
322 759 418 802 cerere
446 743 585 803 beneficio
605 743 756 804 lacrimose
778 746 923 805 confessus
945 753 996 808 est.
1038 747 1076 806 Et
1095 748 1185 806 inflictu

168 831 195 890 ei
216 832 297 906 gravi
317 832 499 905 poenitentia,
520 833 594 906 quae
611 832 783 906 superbienti
800 834 947 894 subtracto
966 834 1028 910 luit,
1048 836 1184 910 poenitenti

170 918 299 976 restituta
320 923 364 975 est
384 919 484 993 gretia

519 1105 750 1168 CAPITULUM
770 1109 853 1168 VIII.

167 1237 215 1294 De
236 1239 330 1292 morie
347 1231 454 1308 fratris
474 1228 672 1288 Hildebrandi
693 1233 775 1290 cuiue
798 1235 929 1291 ominem
950 1236 982 1292 in
1004 1239 1094 1310 specie
1111 1237 1180 1312 pueri

317 1321 435 1394 speciosi
456 1323 615 1376 conventus
636 1317 863 1376 candidatorum
884 1319 1042 1395 deferebat.

232 1459 304 1519 Cum
330 1459 358 1516 in
392 1457 524 1515 extremis
546 1462 644 1531 ageret
663 1455 749 1514 freter
768 1455 990 1533 Hildebrendus,
1011 1459 1106 1519 tabule
1124 1459 1178 1536 pul-

164 1554 227 1606 sate
255 1549 413 1604 conventus
441 1544 562 1602 accurrit
571 1539 598 1621 ¹).
647 1541 712 1617 Quo
735 1545 901 1602 morientem
923 1547 1129 1620 circumstante,
1156 1553 1179 1604 et
1236 1591 1237 1594 ι

164 1635 298 1709 exequias
319 1650 354 1691 err
376 1647 454 1689 more
475 1629 651 1703 celebrante,
673 1632 752 1688 stetit
771 1630 857 1692 irater
879 1631 995 1706 quidam
1016 1635 1087 1692 inter
1105 1633 1177 1704 alios,
1236 1673 1237 1692 ι

161 1723 209 1781 cui
230 1719 316 1778 talem
337 1719 476 1776 visionem
497 1715 639 1775 Dominus
659 1716 787 1776 revelare
810 1717 941 1794 dignatus
963 1726 1015 1777 est.
1058 1719 1137 1792 Vidit,
1154 1726 1177 1778 et

162 1825 229 1867 ecee
256 1807 329 1865 alius
358 1809 514 1863 conventus
541 1805 706 1877 supervenit
725 1803 871 1862 hominum
892 1805 1064 1880 albatorum,
1094 1809 1176 1881 quiin

160 1895 225 1954 loco
247 1909 304 1970 quo
325 1892 448 1950 moriens
469 1889 596 1963 iacebat,
617 1891 778 1964 speciosum
799 1890 883 1950 valde
904 1909 1025 1966 puemm
1045 1895 1175 1969 accipiens,

159 1999 228 2041 cum
256 1979 361 2057 gaudio
387 1992 491 2052 magno
521 1982 550 2034 et
577 1978 694 2035 canticis
722 1978 801 2036 abiit.
842 1977 944 2053 Itaque
971 1983 1084 2056 genrirre
1101 1979 1174 2038 felicis

160 2069 245 2127 huius
278 2066 370 2125 fratris
404 2064 577 2137 substantia,
611 2081 629 2122 a
664 2065 778 2139 gemino
815 2072 956 2124 conventu
986 2065 1078 2126 delate
1103 2074 1174 2140 etque

157 2154 283 2214 deducte
304 2159 361 2228 est,
388 2153 483 2210 enimn
505 2149 651 2209 sciliceta
673 2157 815 2210 conventu
836 2150 996 2210 albatorum
1018 2154 1055 2212 ad
1076 2155 1172 2214 beatam

157 2243 299 2319 requiem,
332 2255 435 2314 corpus
462 2253 531 2296 vero
552 2254 570 2295 a
592 2243 735 2296 conventu
757 2237 944 2297 elbendorum
965 2239 1004 2298 ud
1026 2241 1171 2312 ecelesiam

155 2335 277 2404 utroque
291 2343 360 2386 sene
374 2341 425 2405 pro
440 2341 474 2382 eo
489 2323 566 2399 quod
585 2323 759 2394 deserebant,
779 2327 807 2382 in
821 2324 877 2385 Dei
898 2325 1007 2400 landes,
1027 2343 1171 2402 quanquam

155 2410 356 2494 differentem),
384 2415 581 2487 concrepante.
637 2409 839 2470 NOVICIUS:
872 2411 948 2487 Quid
978 2419 1022 2472 est
1054 2414 1123 2489 quod
1147 2413 1168 2469 in

152 2501 334 2579 quorundam
354 2502 491 2558 iustorum
512 2504 603 2555 morte
623 2504 682 2555 tam
704 2498 822 2556 mirifica
843 2498 990 2574 videntur,
1017 2507 1044 2560 et
1064 2503 1090 2559 in
1108 2499 1169 2558 elio-

154 2609 217 2648 mm
245 2590 294 2662 qui
321 2588 361 2646 eis
388 2589 418 2644 in
444 2586 544 2644 merito
565 2591 752 2658 paresssunt,
782 2583 831 2644 vel
850 2585 921 2644 forte
943 2590 1078 2663 maiores,
1103 2584 1168 2645 nulle
1235 2595 1236 2630 1

151 2672 360 2736 ostenduntur?
381 2670 615 2731 MONACHUS:
638 2669 704 2729 Una
725 2689 813 2730 censa
834 2677 891 2746 est,
913 2678 945 2730 ut
966 2674 1056 2734 latens
1076 2673 1166 2732 saucti-

151 2771 198 2824 tes
210 2751 391 2822 morientium
409 2758 572 2818 viventibus
583 2757 793 2834 manifestetur3
814 2759 878 2834 alia,
899 2765 1045 2820 uteorum
1066 2763 1166 2820 virtutes

154 2851 256 2926 quibus
276 2849 332 2908 hoc
343 2849 514 2919 mememnt,
535 2846 693 2919 imitentur,
715 2848 797 2903 tertie
819 2852 869 2920 est,
890 2860 922 2904 ut
942 2850 1079 2906 iustorum
1097 2849 1166 2905 inno·

115 2975 119 2980 -
153 2940 262 3010 centia,
295 2938 318 2994 si
346 2934 422 2993 mole
442 2933 545 2992 luerint
571 2937 604 2989 ut
630 2947 717 3007 saepe
737 2930 771 2990 fit
798 2933 937 3007 infamati,
970 2934 1166 2994 demonstretur.

151 3024 239 3082 Verbi
261 3039 355 3082 causa.

506 3207 739 3268 CAPITULUM
770 3208 825 3267 IX.

179 3335 227 3394 De
248 3350 386 3392 conuerso
408 3338 526 3392 mortuo
548 3334 627 3388 circo
647 3333 710 3388 cuis
732 3348 838 3406 corpus
856 3331 956 3407 frater
983 3335 1134 3394 Wcrnerus

497 3418 634 3478 candelae
655 3423 734 3476 eruce
754 3419 835 3477 cidit.

209 3561 244 3618 ln
266 3559 365 3618 eodem
388 3557 525 3616 coenobio
548 3556 768 3631 quodamsratre
782 3555 1016 3620 lautorenominc
1030 3559 1159 3626 Warnoro,

145 3664 313 3708 conversum
334 3644 459 3720 aliquem
481 3642 596 3718 quidam
619 3659 654 3700 ex
674 3642 807 3702 tratribus
835 3644 998 3705 calumniati
1023 3651 1084 3705 sunt
1109 3645 1157 3700 sinc

161 3831 189 3898 l)
207 3832 227 3884 Ii
246 3832 400 3883 occurrit.
423 3859 451 3868 -
470 3828 503 3894 2)
519 3827 576 3878 libri
593 3826 836 3882 indifferenter.
855 3827 928 3882 Coul.
946 3831 1005 3893 llll,
1022 3831 1061 3884 39.
