2512 4254
169 233 229 292 rac
349 209 353 220 ’
482 231 709 296 nanneno
732 231 896 300 ocnnvs

165 361 263 416 tantae
283 355 450 415 securitatis.
491 355 686 434 Interrogatus
708 355 744 416 de
766 356 885 418 custode
907 355 1009 418 domus
1029 374 1109 434 suae,
1128 373 1198 418 cunr

166 459 218 518 per
245 442 382 518 ambages
403 442 611 520 respondisset,
640 449 669 502 et
689 442 745 502 hoc
765 445 860 520 ipsum
882 446 1014 506 concives
1034 449 1128 506 notare
1148 445 1198 506 ln-

168 528 338 603 tellexisset,
366 530 469 588 timens
498 545 535 589 ne
555 529 628 589 forte
648 530 703 589 sibi
723 532 783 589 rim
804 531 953 606 inferrent,
981 531 1123 592 brachium
1142 547 1199 590 ex·

167 615 283 675 trahens
296 613 408 676 cuidam
425 615 552 676 inclusae
574 615 791 676 custodiendum
813 621 962 678 commisit
1004 617 1084 694 Quae
1104 633 1198 677 secre-

167 709 229 762 tum
252 703 343 762 celare
360 704 498 777 nesciens,
519 701 633 763 cuidam
647 703 808 780 depositum
821 703 954 781 prodidit,
975 711 1005 764 et
1023 704 1198 764 illecivibus

169 790 227 866 Qui
258 791 355 850 statim
374 789 508 864 reliquias
536 789 682 864 tollentes,
704 796 734 848 et
761 790 799 848 ad
821 790 978 852 ecclesiam
1006 789 1199 868 deportantes,

169 877 341 952 depositori„
355 893 421 935 curn
448 875 571 936 lacrimis
598 894 651 936 sua
679 879 832 953 repetenti,
864 877 961 938 durius
988 877 1199 954 responderunt

169 964 264 1040 Quem
296 981 362 1023 cum
391 965 616 1039 interrogassent
629 977 633 983 ·
647 965 727 1022 cuius
748 967 839 1024 sancti
861 969 956 1024 esseut
986 965 1133 1042 reliquiae,
1166 978 1198 1022 se

169 1067 274 1110 nomen
285 1051 395 1109 nescire
408 1048 487 1126 dixit,
506 1049 606 1110 nolens
628 1051 669 1109 eis
688 1049 752 1110 illas
764 1051 894 1126 prodere.
927 1051 974 1110 Ex
996 1050 1092 1111 dolore
1105 1056 1197 1110 tamen

170 1140 314 1200 civitatem
337 1135 489 1211 deserens,
519 1142 548 1196 et
567 1138 733 1212 pauperiem
754 1140 913 1212 incurrens,
941 1155 1000 1199 non
1028 1137 1116 1198 multo
1133 1140 1199 1212 post

168 1224 326 1284 infirmatus
363 1229 408 1282 est
439 1225 616 1299 gravissime.
666 1223 723 1299 Qui
755 1241 821 1284 cum
844 1226 916 1285 mori
940 1226 1052 1284 timeret
1063 1221 1095 1304 ¹),
1121 1224 1197 1284 cuins

170 1317 266 1371 essem
285 1305 436 1384 reliquiae,
467 1318 496 1370 et
517 1309 661 1386 quomodo
681 1309 744 1370 illas
766 1312 948 1387 obtinuisset,
976 1311 1127 1372 confessori
1144 1325 1197 1370 suo

169 1397 312 1474 patefecit.
348 1395 434 1474 Quod
446 1397 497 1456 ubi
514 1403 691 1473 compertum
705 1404 749 1456 est
766 1399 885 1476 civibus,
905 1398 1020 1458 thecam
1041 1403 1196 1476 argenteam

169 1490 198 1545 et
219 1483 398 1558 deauratam,
419 1485 596 1560 gemmisque
616 1486 748 1560 pretiosis
769 1490 914 1560 ornatam,
935 1485 973 1546 ad
993 1483 1197 1546 similitudinem

168 1571 278 1631 brachii
302 1571 445 1646 fecerunt,
475 1572 505 1628 in
533 1587 568 1630 ca
595 1570 729 1646 reliquias
755 1578 936 1647 reponentes.
976 1571 1041 1649 Ego
1062 1578 1126 1632 autc
1143 1569 1197 1629 hoc

168 1659 314 1718 biennium
334 1657 411 1718 idem
431 1657 581 1718 brachium
600 1657 672 1733 vidi,
695 1663 724 1716 et
745 1665 789 1721 cst
808 1657 885 1733 pelle
906 1665 936 1718 ct
956 1675 1042 1718 carne
1062 1659 1197 1718 restitum.

169 1745 238 1805 Vidi
257 1747 297 1805 ibi
319 1751 349 1805 et
370 1761 483 1806 crucem
503 1761 623 1820 parvam
644 1761 761 1804 auream
781 1745 908 1820 reliqniis
927 1745 1075 1820 refertam,
1094 1741 1197 1803 Frede-

169 1835 220 1892 rici
234 1833 426 1908 Imperatoris,
439 1848 514 1906 quac
527 1830 674 1906 praedicto
688 1830 795 1892 homini
809 1849 875 1891 cum
889 1831 1007 1892 brachio
1020 1832 1089 1891 data
1103 1831 1197 1890 ncnc

170 1917 371 1980 NOVICIUS:
401 1917 474 1976 Cum
501 1924 601 1978 sancto
622 1917 756 1979 Johaune
783 1924 947 1978 sauctorum
966 1935 1052 1978 nemo
1074 1915 1197 1978 credatur

170 2022 233 2065 esse
254 2008 363 2078 maior,
383 2004 452 2080 quid
474 2010 517 2064 est
538 2003 615 2080 quod
635 2004 745 2064 nullum
766 2007 879 2082 signum
899 2005 1003 2082 legitur
1022 2008 1052 2066 in
1072 2006 1130 2064 vita
1147 2017 1196 2062 sua

168 2090 290 2152 iecisse?
340 2089 575 2152 MONACHUS:
605 2090 646 2150 Ut
666 2091 807 2151 Dominus
836 2092 999 2154 ostenderet
1026 2093 1197 2153 smchtamm

113 2217 114 2222 κ
170 2196 229 2240 non
258 2180 411 2239 consistere
438 2179 468 2235 in
497 2179 599 2254 signis,
627 2177 679 2237 sed
706 2181 735 2238 in
763 2179 842 2238 bona
868 2182 937 2239 vita.
986 2177 1060 2240 Post
1085 2182 1196 2238 mortem

173 2269 249 2328 euim
262 2267 349 2341 signis
366 2264 467 2324 claruit
486 2265 740 2326 innumerabilibus
762 2270 790 2324 et
810 2267 931 2344 magnis.
972 2265 1116 2326 Praedicti
1133 2275 1196 2326 veru

172 2356 249 2414 cives
276 2351 401 2426 reliquiis
426 2353 518 2412 sancti
537 2350 678 2412 Johannis
699 2354 847 2428 timentes,
874 2359 949 2413 retro
971 2352 1062 2414 altare
1080 2353 1198 2412 lecerunt

171 2437 374 2502 domunculam
403 2454 439 2496 ex
458 2437 564 2498 tabulis
585 2440 655 2498 satis
675 2438 802 2515 firmam,
829 2441 860 2498 in
882 2443 962 2500 cuius
984 2441 1196 2500 cannino-no-

171 2526 265 2586 ctibus
294 2524 471 2584 sacerdotem
492 2524 614 2584 dormire
640 2525 776 2585 fecenrnt.
825 2525 886 2586 Sub
917 2543 975 2603 quo
1002 2528 1095 2603 prima
1120 2527 1196 2584 nocte

168 2615 212 2674 sic
241 2612 342 2672 domus
364 2617 555 2688 conquassata
576 2617 633 2687 cst,
666 2618 699 2671 ut
725 2629 783 2672 non
803 2630 926 2690 parvum
948 2615 975 2672 ei
994 2611 1138 2673 horrorem
1155 2611 1196 2668 iu-

171 2706 295 2776 cuteret;
326 2697 453 2758 secunda
480 2715 550 2758 vero
577 2705 662 2758 nocte
690 2697 877 2758 dormientem
906 2701 1045 2775 excussit,
1072 2702 1102 2759 in
1120 2695 1196 2776 pavi·

170 2794 298 2848 mentum
329 2785 409 2846 iilum
440 2786 599 2861 proiicieus.
649 2784 780 2861 Cumque
810 2803 885 2847 unus
914 2803 949 2846 ex
977 2787 1140 2863 potentibus
1164 2779 1195 2840 da

171 2877 286 2934 civitate
313 2873 514 2946 infirmaretur,
543 2878 572 2931 et
592 2871 786 2932 Theodericus
813 2872 950 2933 ccclesiae
977 2872 1052 2934 illius
1073 2868 1196 2934 sacerdos

171 2961 208 3020 ab
229 2961 278 3020 illo
299 2968 424 3036 rogatus,
445 2958 593 3018 brachium
614 2961 643 3016 in
656 2957 773 3020 domum
795 2961 855 3018 eius
880 2959 1037 3038 detulisset,
1058 2977 1093 3020 ac
1114 2958 1195 3018 denu-

120 3066 124 3076 ‘
171 3045 280 3120 desset,
306 3054 366 3108 tarn
386 3047 535 3107 brachium
558 3063 644 3121 quam
664 3063 820 3124 purpuram
855 3048 900 3106 cui
920 3047 1014 3106 fuerat
1033 3045 1196 3112 involutum,

169 3133 274 3208 reperit
293 3135 399 3192 recenti
420 3135 559 3210 sanguine
579 3133 723 3193 iniectum.
765 3132 848 3192 Haec
869 3133 938 3192 mihi
959 3150 1009 3193 ore
1030 3151 1084 3193 sno
1105 3129 1195 3194 retulit

169 3216 310 3280 Sacerdos
324 3219 361 3278 ab
376 3219 478 3278 eodem
495 3220 612 3279 brachio
634 3219 778 3280 modicum
801 3221 892 3279 caruis
911 3219 1080 3296 praecidens
1089 3217 1119 3302 ²),
1139 3231 1196 3278 cum

169 3305 248 3364 illam
260 3305 290 3361 in
303 3322 391 3362 manu
405 3306 516 3365 occulte
536 3305 664 3380 deferret,
682 3307 903 3386 tautumlsensit
923 3306 1055 3368 ardorem
1076 3324 1112 3366 cx
1132 3295 1196 3381 ου’),

170 3409 205 3452 ac
227 3392 252 3450 si
271 3392 390 3467 ignitum
423 3393 576 3452 carbonem
607 3397 742 3467 portaret.
790 3391 884 3452 Multa
905 3393 1048 3468 siquidem
1063 3396 1141 3471 signa
1164 3401 1194 3448 ac

169 3479 306 3540 sanitates
318 3494 370 3552 per
384 3477 500 3537 casdem
513 3477 647 3554 rchquias
660 3480 689 3536 in
702 3477 751 3538 illa
764 3478 836 3538 fiunt
850 3480 974 3556 civitate,
995 3481 1104 3542 merids
1114 3473 1195 3540 sancti

168 3565 309 3628 Johannis
328 3563 486 3640 Baptistae.

187 3804 219 3874 l)
235 3801 257 3858 B
275 3801 448 3855 tin‘ruissct.
468 3828 499 3838 -
517 3797 551 3868 2)
568 3797 589 3850 1)
606 3795 828 3866 praescidons.
847 3828 879 3840 -
907 3801 939 3870 a)
956 3801 978 3854 li
995 3818 1093 3856 oxea.
