2608 4252
192 261 234 324 ts
497 261 724 324 omumemo
746 260 920 350 saeuum

192 383 324 446 Dominis
351 381 411 446 Isto
432 391 476 446 est
496 385 568 446 liber
588 377 864 463 praedestinationis,
886 385 1033 446 continens
1054 387 1147 446 omnia
1164 402 1219 444 no-

193 473 271 534 tulua
299 470 467 548 electorum,
495 476 544 550 qui
571 474 609 532 ab
637 475 716 532 initio
745 473 843 532 mimdi
870 490 961 548 usque
989 472 1028 532 ad
1056 473 1130 532 diem
1147 471 1221 533 hanc

193 560 253 620 uatl
274 565 349 620 suut
392 559 465 620 Qum
478 567 574 621 antem
588 559 687 619 lolium
716 559 794 636 quod
810 577 934 620 vacuum
949 562 1049 636 cernis,
1069 560 1221 636 perlectum

193 645 291 718 merli,
320 646 445 706 mundius
466 648 716 707 consummabitur.
757 647 797 705 Et
818 647 940 706 ostendit
961 647 988 706 ei
1007 663 1112 708 nomeu
1132 664 1221 706 suum.

194 732 280 812 Quod
302 750 368 796 cum
388 733 480 794 laetus
502 734 625 811 legisset,
648 733 765 792 adiecit:
789 733 942 808 Nunquam
964 732 1104 793 delebitur
1122 744 1223 792 nomen

194 827 276 883 tuum
309 819 345 882 de
377 819 450 880 libro
479 821 543 881 hoo.
593 820 653 880 Istc
682 826 725 880 est
751 820 823 880 liber
856 819 892 878 de
914 837 970 896 quo
993 819 1175 880 Daviddieit
1194 821 1223 877 in

195 907 326 970 Pomm
358 907 399 968 st
427 911 458 967 in
482 907 558 967 libro
581 915 633 966 tuo
662 923 760 966 onmes
781 906 944 966 scribentur
956 904 984 984 ¹).
1026 907 1065 966 ut
1085 906 1223 966 Dominus

195 997 224 1056 lu
256 991 428 1072 Evangelio:
469 993 603 1054 Gaudete
635 1000 662 1052 ct
695 994 836 1067 amiate,
874 997 946 1068 quio
976 997 1100 1053 nomiae
1130 999 1225 1054 vestro

195 1085 304 1158 septo
332 1087 403 1140 scuit
430 1083 463 1140 tu
490 1077 611 1158 eoelo²).
653 1077 855 1140 NOVICIUS:
885 1079 916 1140 Si
941 1081 970 1138 iu
998 1081 1046 1140 illo
1074 1080 1147 1140 libro
1173 1079 1225 1139 soli

196 1167 278 1232 eleetl
300 1167 475 1242 serlbuntur,
509 1167 577 1244 quid
610 1173 654 1226 est
682 1166 760 1242 quod
780 1167 856 1226 idem
877 1167 1021 1242 Propheta
1043 1167 1080 1226 de
1100 1167 1226 1243 reprobis

197 1254 276 1316 etet:
303 1255 468 1314 Deleorlttu·
490 1255 526 1314 dc
546 1253 622 1313 libro
643 1251 857 1331 escensione?
888 1251 1224 1315 Messeniis-Psot-

196 1343 281 1404 etsta
314 1340 360 1402 blo
398 1339 522 1418 loquitur
560 1341 718 1400 seeundum
750 1357 831 1416 spem
861 1339 986 1415 illomm,
1025 1343 1075 1416 qui
1108 1340 1143 1401 de
1173 1355 1224 1400 suu

197 1433 411 1508 praesumentes
432 1429 552 1502 lustitia,
578 1433 679 1504 putant
700 1444 731 1486 se
752 1428 791 1486 ibi
813 1445 875 1486 esse
897 1429 1025 1503 scriptos.
1069 1426 1155 1504 Quod
1173 1443 1224 1486 au·

197 1521 255 1578 toln
276 1515 371 1576 nullus
392 1515 578 1592 reproborum
606 1518 635 1573 in
664 1531 698 1575 eo
726 1515 878 1588 scribatur,
907 1531 974 1584 mor
996 1513 1132 1590 ostendit,
1164 1530 1225 1572 cun

197 1602 356 1680 subtuugltr
395 1602 436 1662 let
472 1620 539 1662 cion
578 1605 662 1662 iretis
699 1617 762 1660 non
799 1600 974 1660 scitantur.
1027 1599 1225 1662 NOVIGIUS:

198 1689 297 1752 Placet
325 1688 403 1766 quod
431 1687 516 1764 diois3
545 1688 596 1750 sed
624 1705 693 1766 rogo
721 1692 754 1746 ut
780 1689 806 1746 si
833 1686 940 1763 aliquid
968 1687 1063 1749 adhue
1091 1689 1165 1747 nosti
1192 1685 1225 1744 de

197 1775 253 1840 boe
274 1772 390 1856 beatol)
412 1777 488 1848 viro,
511 1775 606 1836 dicore
626 1775 695 1834 mihi
715 1791 772 1834 non
794 1773 914 1834 differas.
933 1808 975 1816 —
993 1767 1225 1834 Messeniis

199 1861 341 1940 'decepere
369 1863 494 1942 quodam
515 1881 580 1924 eum
602 1869 677 1922 essct
696 1864 725 1919 in
746 1865 886 1936 oratioue,
914 1862 1030 1920 beatem
1059 1861 1227 1921 Genitriecm

199 1945 284 2026 Del‘)
314 1966 350 2012 er
379 1951 511 2028 opposito
539 1952 584 2008 sui
615 1966 701 2024 supra
729 1951 864 2024 cespitem
892 1951 1030 2007 virentem
1062 1954 1138 2008 stare
1159 1965 1227 2008 eon·

199 2037 299 2117 sperit.
352 2035 390 2096 Et
422 2053 489 2096 ecee
517 2035 580 2095 lons
612 2037 691 2096 aurei
722 2034 824 2095 eoloris
852 2053 869 2094 e
897 2038 1013 2111 regione
1035 2052 1103 2095 cum
1122 2037 1225 2110 impetu

200 2140 365 2202 erumpens,
397 2123 519 2184 rivulum
551 2127 634 2182 suum
665 2121 703 2182 ad
735 2121 823 2197 pedes
856 2124 917 2180 eius
949 2121 1097 2199 dirigebat
1144 2120 1227 2181 Cuius

199 2209 287 2288 lapilli
314 2209 422 2288 lapides
451 2215 531 2270 erant
551 2211 682 2285 pretiosi,
715 2208 858 2284 smaragdi
878 2208 1025 2285 videlieet,
1055 2207 1226 2279 carbunculi,

198 2299 318 2376 topaall,
347 2296 466 2374 saphiri,
494 2298 615 2356 iacincti.
658 2295 788 2370 Cumque
815 2295 850 2354 de
876 2297 985 2355 visione
1007 2298 1163 2371 miraretur,
1190 2294 1227 2352 ait

198 2385 239 2444 illl
259 2384 385 2446 Domino
412 2390 524 2442 nostra:
552 2383 634 2442 Nosti
659 2381 849 2456 Bertramme,
876 2381 943 2457 quid
970 2385 1026 2442 iste
1052 2376 1226 2460 significent?

199 2472 320 2532 Dicente
342 2470 399 2542 illo,
419 2487 476 2530 nou
498 2470 638 2544 Domina3
667 2468 827 2544 respoudit:
855 2469 933 2528 Fons
954 2472 1008 2528 iste
1029 2473 1109 2530 aurei
1131 2468 1226 2529 coloris

199 2557 269 2620 ordo
292 2558 486 2620 Cisteroiensis
515 2562 578 2632 est,
603 2558 652 2631 qui
680 2558 753 2614 sicut
779 2573 881 2614 aurum
909 2555 1019 2631 reliqua
1046 2556 1171 2630 metelle,
1189 2555 1227 2612 ite

200 2653 309 2708 eeteros
342 2643 454 2706 ordines
482 2649 543 2702 tem
571 2642 706 2719 dignitate
736 2660 822 2719 quam
850 2644 1001 2702 sanctitate
1028 2643 1175 2718 praecellit
1199 2641 1226 2696 in

199 2733 336 2796 Ecclesia
380 2731 439 2790 Illis
466 2725 553 2808 lam⁶)
583 2747 619 2788 ex
646 2747 752 2806 magua
779 2733 860 2804 parte
881 2729 1034 2788 fluentibus
1056 2747 1075 2790 a
1097 2747 1157 2805 me,
1175 2729 1227 2785 iste

198 2820 315 2898 speciali
328 2818 451 2896 quadem
465 2819 663 2893 praerogativa
682 2816 837 2876 dilectionis
848 2831 906 2872 non
917 2821 1010 2874 cessat
1023 2815 1112 2875 fluere
1125 2815 1226 2876 adme

199 2907 301 2984 lapilli
322 2907 437 2984 pretiosi
459 2921 530 2980 quos
551 2902 630 2962 vides
651 2905 680 2960 in
694 2902 795 2978 rivulo,
823 2901 961 2976 speciales
983 2904 1067 2962 amici
1088 2903 1227 2976 meisuut

198 2996 226 3054 ln
260 2994 371 3068 ordine,
411 2995 499 3054 etun
537 2991 675 3064 obsequio
715 3005 778 3048 meo
810 2988 875 3064 plus
907 2990 1007 3048 ceteris
1038 2988 1226 3048 ferventiores.

198 3080 303 3156 Sisque
332 3079 469 3156 dispecuit
497 3079 568 3138 visio
596 3080 626 3136 iu
655 3077 744 3136 oculis
771 3078 839 3135 eius.
893 3073 997 3135 Omnia
1017 3075 1091 3135 baec
1112 3077 1226 3135 recitata

198 3173 264 3226 sunt
291 3165 455 3228 Abbatlbus
483 3173 610 3242 tempore
640 3163 763 3239 Capituli
790 3161 938 3238 generalis.
988 3161 1083 3222 Mults
1110 3163 1166 3222 alia
1185 3160 1226 3217 vir

198 3255 251 3316 leto
272 3253 374 3314 beatus
403 3253 473 3312 vidit
501 3258 530 3312 et
560 3254 617 3328 egit
646 3251 731 3326 digna
759 3243 863 3320 relatu,
892 3248 1058 3322 quaemihi
1085 3266 1144 3310 non
1163 3247 1226 3306 suut
1278 3245 1279 3248 ’

198 3343 323 3402 recitate.
377 3337 578 3400 Nevtuius:
619 3335 709 3394 Miror
740 3337 763 3394 si
795 3334 905 3409 aliquas
944 3337 988 3393 vir
1023 3341 1083 3394 tem
1114 3337 1225 3394 sanctus

199 3427 329 3492 babuerit
360 3426 388 3486 ln
417 3424 514 3486 ordine
542 3425 722 3484 tentationes.
764 3418 997 3480 MONACHUS:
1030 3421 1064 3480 In
1092 3418 1224 3496 principio

199 3515 390 3578 eernerslouis
420 3526 489 3570 suae
516 3515 549 3568 ut
577 3507 673 3567 audivi
704 3508 740 3567 de
769 3509 840 3567 cibis
869 3504 1047 3582 regularibus
1075 3507 1224 3582 plurimum

199 3600 374 3670 terrebatur,
402 3597 475 3658 sleut
503 3596 547 3654 vir
571 3594 673 3652 nobilis
697 3601 726 3652 et
747 3593 894 3672 delicatus.
937 3592 1002 3650 Hoo
1026 3609 1091 3651 eum
1114 3590 1224 3652 dixisset

217 3767 247 3834 l)
266 3763 327 3818 Peel·
348 3763 405 3826 tes.
425 3763 464 3816 ld.
485 3789 514 3800 -·
535 3759 567 3826 l)
584 3759 642 3811 Luc.
662 3760 703 3823 ld,
719 3760 762 3811 20.
782 3787 813 3799 -
831 3759 863 3825 ³)
881 3756 944 3808 Psal.
963 3756 1006 3820 68,
1023 3756 1066 3808 29.
1086 3787 1117 3796 -
1135 3751 1224 3825 4)Βο

267 3835 358 3891 bote·
378 3861 406 3874 —·
428 3832 460 3898 5)
478 3829 539 3886 BGD
557 3829 612 3881 oct
631 3828 838 3880 (ienitrioem.
858 3855 888 3866 -
907 3825 939 3891 6)
956 3823 976 3874 Β
993 3839 1136 3894 numque.
