2608 4252
153 283 194 342 24
456 278 683 342 DISTINGTIO
705 277 880 342 SEPTIMA

151 402 346 478 resignaret,
376 417 430 463 nec
451 402 499 462 ille
519 402 649 480 lugeret‚‘
675 419 743 462 mox
764 405 933 479 ut'propius
955 403 1089 478 accessit,
1122 401 1191 464 lan·

150 494 244 548 tasma
265 490 390 550 evanrdt.
439 489 522 548 Tunc
554 489 591 548 ad
620 490 814 550 contusionem
837 489 959 566 diaboli,
987 507 1072 567 super
1092 491 1191 566 ipsum

150 575 284 636 teretrum
313 593 345 636 se
378 579 550 652 composuit,
578 576 687 636 mmdiu
708 580 737 636 ln
759 595 794 638 eo
815 580 924 652 iacens,
956 577 1048 638 donee
1075 583 1190 655 septem

150 662 277 738 psalmos
297 663 513 740 poenItentiales
535 662 723 726 decantasset.
801 704 803 715 .

481 851 714 914 OAPITULUM
742 853 859 915 XVIII.

150 976 226 1036 ram
254 976 290 1036 de
318 975 449 1052 quodem
476 977 621 1035 monacho
649 977 783 1036 amdam
800 976 943 1050 coenobii,
977 979 1029 1053 qui
1049 984 1188 1038 summm

172 1063 304 1122 Martem
326 1063 368 1121 od
387 1063 503 1138 vigilios
524 1067 662 1137 circuire,
692 1071 720 1122 et
741 1065 928 1138 singolorum
949 1064 1166 1124 monachorum

267 1150 369 1209 vultus
390 1150 520 1225 delegere
541 1151 623 1224 olda,
646 1150 761 1210 duobos
784 1157 902 1210 tantem
923 1151 1066 1226 neglectis.

213 1267 297 1330 Alius
319 1270 435 1346 quidam
458 1288 493 1330 ex
513 1271 668 1330 monacbis·
682 1270 810 1331 eiusdem
831 1270 901 1345 loci,
928 1273 972 1330 vit
992 1275 1073 1330 tanta
1093 1273 1189 1347 gratia
1253 1273 1257 1280 '

150 1357 268 1433 dignus,
295 1364 381 1417 nocte
402 1357 527 1433 quadam
548 1358 702 1417 Dominam
723 1365 850 1418 nostram
871 1357 942 1418 vidit
964 1357 1082 1418 chorum
1104 1358 1189 1434 psal-

149 1443 266 1503 lentium
289 1445 420 1520 caestre,
443 1451 471 1504 et
493 1446 668 1521 singulorum
690 1445 896 1504 monachorum
916 1444 1012 1504 vultus
1035 1445 1188 1521 detegere,

150 1531 263 1590 duobus
295 1537 407 1590 tanturm
438 1532 585 1608 neglectis.
638 1532 682 1590 Ex
718 1533 822 1607 quibus
855 1547 929 1590 unus
965 1547 1033 1590 mox
1067 1533 1190 1592 incurrit
1232 1571 1235 1576 ,

149 1620 342 1696 apostasiam
364 1618 400 1678 de
421 1619 510 1678 altero
532 1618 601 1694 quid
623 1618 718 1678 adliuc
739 1619 865 1678 futurum
887 1621 924 1678 sit
943 1620 1098 1696 ignoratur.

494 1807 726 1870 CAPITULUM
749 1809 838 1867 XIX.

148 1930 224 1990 Item
246 1930 282 1990 de
303 1931 397 1990 allero
418 1932 562 1990 moaoebo
585 1932 712 1989 amaea
734 1933 868 2004 claustri,
901 1933 949 1990 eui
970 1929 1058 1990 beato
1079 1928 1188 1992 Morta

169 2035 259 2093 super
276 2018 372 2076 altere
383 2019 416 2076 ia
429 2036 496 2076 cere
510 2021 586 2077 trater
597 2018 816 2076 multitudinem
827 2025 1000 2090 sanctorum
1010 2021 1163 2094 appareat.

213 2138 249 2197 In
263 2138 364 2198 eodem
377 2139 514 2198 coenobio
528 2138 685 2198 monachus
703 2139 819 2214 qnidam
833 2145 916 2197 nocte
932 2138 1056 2214 quadam
1076 2144 1186 2214 putans

148 2227 178 2284 in
199 2228 321 2285 oratorio
352 2225 449 2284 nolam
478 2225 515 2284 ad
543 2229 697 2284 matutinas
726 2241 788 2285 esse
816 2225 975 2300 pulsatam,
1004 2243 1071 2284 eum
1091 2225 1187 2286 multa

148 2312 327 2372 festinatione
341 2330 467 2389 surgens,
482 2315 635 2371 oratorIum
648 2315 772 2387 intravit,
789 2315 963 2388 veniensque
977 2317 1044 2370 ante
1058 2313 1187 2390 presby·

148 2401 265 2474 terium,
292 2399 427 2458 circrdum
448 2401 552 2458 nlmiae
574 2399 709 2458 claritatis
742 2397 780 2457 ad
808 2401 896 2458 instar
917 2401 976 2474 yris
990 2395 1006 2478 ¹)
1028 2399 1185 2458 formatum

149 2487 178 2544 ln
200 2502 265 2544 aere
279 2503 364 2561 super
377 2485 464 2545 altare
483 2489 637 2561 conspexit.
680 2485 715 2544 In
737 2502 794 2561 quo
815 2485 871 2544 Dei
892 2485 981 2544 filium
1003 2485 1186 2544 Salvatorem
1230 2519 1234 2526 ·

148 2579 277 2631 noenum
309 2589 375 2631 cum
403 2578 494 2632 matre
526 2574 691 2632 beatissima
723 2573 929 2647 contemplatus
958 2577 1015 2647 est,
1044 2577 1077 2631 et
1107 2575 1187 2633 circa

148 2660 226 2736 Ipsos
249 2676 285 2718 ex
306 2661 381 2718 omni
399 2665 480 2734 parte
494 2659 704 2718 multimdinem
725 2665 895 2734 sanctorum,
916 2658 1029 2716 illorum
1050 2661 1186 2735 mardme,

149 2763 271 2822 quorum
301 2748 331 2804 in
361 2747 481 2806 ecclesia
507 2746 643 2821 reliquiae
673 2747 897 2805 continebantur.
946 2745 1074 2805 Noverat
1106 2749 1185 2805 enim

149 2833 261 2892 illomm
282 2836 411 2907 nomina,
441 2848 475 2893 eo
505 2833 583 2908 quod
605 2833 776 2909 quandoque
803 2831 909 2893 ibidem
935 2833 1034 2892 luisset
1054 2834 1185 2892 sacrista

149 2919 211 2979 Nec
229 2921 298 2978 mihi
319 2925 438 2994 constat,
459 2921 484 2978 si
504 2919 580 2979 Idem
600 2927 675 2980 esset
694 2923 743 2996 qui
764 2938 859 2996 supra.
901 2919 1002 2978 Stante
1023 2935 1057 2978 eo
1073 2920 1103 2976 in
1116 2917 1185 2980 loco

148 3005 310 3082 praedicto,
338 3010 379 3067 ait
398 3008 524 3066 DomIna
551 3015 649 3066 nostra
671 3007 783 3067 duobus
805 3005 926 3083 angelis:
948 3004 1093 3065 Adducite
1115 3023 1185 3065 eum

149 3092 187 3152 ad
208 3109 264 3152 ms.
307 3093 372 3170 Quo
402 3096 492 3170 lacto,
524 3111 589 3154 cum
616 3094 724 3154 litteras
744 3098 774 3153 in
796 3095 913 3153 circuitu
935 3109 1057 3151 coronae
1079 3093 1186 3152 beatae

149 3179 275 3256 Virginis
283 3176 303 3259 ²)
319 3185 438 3257 scrtptas
454 3181 549 3259 legere
563 3183 714 3258 iuberetur,
734 3199 787 3240 nec
801 3185 908 3255 posset,
930 3181 970 3237 ait
989 3178 1038 3238 illa
1059 3178 1185 3254 angelis:

149 3265 294 3341 Deponite
317 3283 382 3326 eum
404 3268 442 3326 ad
461 3275 581 3343 terram,
602 3265 698 3343 ibique
719 3275 818 3344 petens
839 3267 968 3339 veniam,
991 3264 1068 3324 dieat
1088 3283 1183 3342 ange-

149 3350 234 3410 licam
254 3352 470 3429 selutationem‚
497 3362 527 3414 et
546 3356 706 3414 reducatur.
749 3351 834 3428 Quod
856 3370 921 3410 cum
942 3351 1050 3412 sactum
1070 3351 1186 3428 fuisset,

150 3445 180 3498 et
200 3437 295 3498 adbuc
317 3439 432 3499 casdem
460 3441 568 3502 litteras
594 3445 709 3500 mInime
730 3440 847 3516 legeret,
868 3441 950 3497 tertio
973 3439 1074 3498 eodem
1096 3439 1186 3500 modo

151 3524 296 3600 depositus
326 3531 355 3586 et
375 3527 524 3603 reductus,
556 3530 663 3588 litteras
695 3526 808 3604 qutdem
836 3525 931 3601 legere
970 3531 999 3584 et
1027 3524 1186 3602 intelllgere

149 3614 256 3689 potuit,
276 3612 327 3673 sed
347 3631 384 3672 ne
406 3617 574 3690 scripturam
595 3615 645 3674 ulli
665 3615 812 3694 homiuum
832 3611 978 3686 proderet,
999 3611 1186 3672 Interdictum

150 3701 269 3775 accepit.
312 3699 376 3776 Quo
405 3700 443 3759 ad
470 3707 575 3759 terram
604 3703 641 3760 ab
669 3699 776 3775 angelis
799 3697 943 3772 deposito,
965 3697 1186 3779 disparilitate)

169 3850 200 3919 1)
217 3851 295 3908 Iridis.
316 3881 345 3892 -
364 3851 396 3919 2)
414 3849 453 3904 ΟΡ
469 3849 589 3902 beatae
607 3849 663 3903 Dei
681 3847 867 3902 Genitricis.
887 3877 916 3886 -
937 3847 969 3915 3)
988 3845 1026 3900 GP
1044 3847 1130 3900 baso.
