2524 4252
190 261 251 320 288
476 247 703 320 DISTINCTIO
728 259 939 321 UNDEGIMA
1042 269 1045 274 '

188 379 272 439 miles
292 380 384 440 honre
406 387 458 455 est,
478 399 566 441 mann
588 384 704 458 propria
716 382 932 458 quatuordecim
947 383 1104 443 dextrarios
1119 385 1209 457 acqui·

188 473 272 526 reret.
315 467 372 543 Qui
393 469 467 527 siem
487 471 532 533 vir
552 468 691 544 prudens,
721 470 842 530 eundem
870 470 1010 529 honorem
1035 469 1208 545 temporalem

188 555 318 613 consuis
334 555 441 614 viribus
455 555 507 614 sed
518 555 584 614 Deo
599 557 753 631 ascribens,
776 559 871 616 omnia
884 559 1015 631 restituit,
1036 564 1065 614 et
1077 555 1208 616 sodalibus

189 657 256 700 curn
266 640 382 700 saecvrlo
394 641 566 717 valedicens,
586 645 615 700 in
629 643 729 702 Luclra
743 645 914 703 monasterio
927 651 1042 702 nostrae
1052 643 1186 719 religionis
1195 637 1207 720 'l

188 727 319 788 habitum
347 730 481 803 suscepit.
538 729 577 802 Et
604 732 673 804 quia
700 729 807 789 electos
834 747 902 790 suos
930 731 1036 806 probat
1063 729 1206 800 Dominus,

88 823 91 830 ⁴
188 821 270 873 mnia
290 813 370 872 illum
391 814 554 874 infirmitate
575 815 745 892 flagellavit,
776 823 809 876 ut
829 833 941 876 vermes
965 815 1000 876 de
1023 819 1083 876 eius
1103 831 1205 890 corpore

188 900 379 960 indesinenter
407 904 583 961 scaturirent
633 902 764 978 Quorum
784 904 921 963 foetorem
945 903 1031 962 simul
1063 909 1090 962 et
1116 903 1204 961 horro-

187 1005 248 1047 rem
270 1005 336 1046 cum
358 990 476 1046 ministri
498 991 637 1048 sustinere
659 1006 716 1048 nou
737 998 870 1066 possent,
892 992 932 1048 ait
952 990 1055 1049 Abbas
1076 988 1204 1065 praedicto

186 1073 286 1134 Adae:
323 1075 400 1150 Quid
428 1075 565 1134 faciemus
592 1074 678 1134 irater
710 1093 775 1134 cum
803 1077 917 1136 homine
945 1073 1022 1136 isto?
1064 1074 1205 1151 Respondit

186 1161 248 1220 ille:
270 1160 382 1220 Dentur
403 1162 472 1219 mihi
494 1168 616 1236 quatuor
637 1162 828 1237 lintheamina,
846 1169 878 1222 et
899 1180 952 1238 ego
974 1180 1027 1240 pro
1042 1163 1140 1222 Christi
1157 1178 1203 1220 no·

187 1251 262 1306 mine
285 1265 383 1306 curam
396 1247 470 1306 illius
488 1251 650 1324 suscipiam.
695 1248 779 1326 Quod
801 1267 866 1308 cum
888 1249 995 1308 lactum
1016 1250 1120 1324 luisset,
1138 1249 1202 1307 assi·

188 1333 245 1393 dua
266 1350 424 1409 pannorum
446 1338 602 1394 mutatione
623 1335 760 1395 foetorem
781 1339 952 1412 temperavit
978 1345 1038 1396 tam
1060 1337 1111 1394 sibi
1130 1351 1202 1410 qnam

188 1428 314 1497 aegroto.
348 1419 476 1496 Cumque
491 1421 551 1481 dies
564 1422 678 1481 adesset
691 1425 927 1482 remunerationis
940 1429 1039 1482 tantae
1059 1425 1202 1498 patientioe,

187 1509 228 1566 ait
248 1507 345 1566 Adae:
369 1507 490 1568 Stemite
505 1509 573 1566 mihi
588 1516 716 1576 mattam,
738 1516 768 1569 et
787 1509 898 1584 pulsate
919 1510 1057 1584 tabulam,
1078 1507 1201 1585 quialio·

186 1595 279 1654 minus
301 1602 388 1654 vocat
407 1613 462 1654 me.
493 1595 532 1653 Et
547 1596 614 1654 iecit
627 1598 676 1655 sic.
708 1596 849 1656 Veniente
864 1603 1015 1672 conventu,
1036 1603 1101 1672 post
1112 1596 1200 1654 dcam

165 1674 335 1755 'letaniam
365 1699 431 1742 cum
458 1699 557 1742 omnes
583 1699 658 1759 pene
686 1683 723 1740 ad
751 1683 883 1742 lacrimas
904 1682 1000 1742 verbis
1027 1682 1108 1742 valde
1134 1697 1199 1740 con·

185 1770 328 1844 punctivis
350 1771 494 1842 movisset,
515 1769 674 1829 subiunxit:
694 1768 783 1828 Modo
805 1771 844 1828 ite
866 1769 971 1828 domini
992 1772 1049 1830 mei
1070 1769 1198 1828 ddectssi·

186 1858 240 1929 mi,
261 1863 290 1914 et
311 1854 395 1915 dicite
417 1857 519 1914 missas
540 1861 664 1931 vestras,
686 1859 754 1931 qnia
775 1855 908 1916 Salvator
928 1856 1027 1915 mundi
1049 1863 1077 1916 et
1096 1854 1198 1932 gloriosa

188 1943 250 2000 eius
264 1940 393 2000 Genitrix
415 1959 480 2001 cum
501 1943 610 2019 angelis
625 1949 654 2002 et
674 1942 852 2002 multitudine
873 1951 1038 2002 sauctorum
1058 1943 1121 2002 illuc
1139 1957 1197 2000 ven·
1243 1955 1244 1976 ¹

187 2030 243 2086 turi
265 2036 338 2086 sunt.
381 2029 488 2088 Postea
514 2031 685 2089 revertimini
707 2047 772 2089 curn
795 2033 850 2104 eis,
879 2033 946 2104 quia
975 2033 1097 2090 animam
1121 2041 1196 2088 mean

187 2117 350 2190 suscipient.
393 2115 510 2175 Interim
531 2116 600 2175 dum
628 2120 729 2176 missas
759 2117 899 2191 dicerent,
928 2121 1001 2176 sicut
1029 2117 1096 2176 mihi
1121 2111 1195 2174 retulit

187 2203 368 2277 saepedictus
389 2202 494 2277 Adam,
515 2203 651 2262 Allardns
672 2206 772 2279 spiritu
792 2204 958 2279 prophetico
981 2207 1076 2264 omnia
1096 2201 1195 2278 quaein

187 2292 310 2348 oratorio
333 2290 492 2366 agebantur
519 2291 655 2350 indicavit
682 2290 794 2350 dicens:
823 2291 908 2350 Tales
936 2294 1042 2350 missae
1069 2307 1088 2349 a
1112 2287 1195 2348 niun

187 2376 382 2452 sacerdotibus
403 2376 442 2435 ad
462 2376 531 2436 talia
543 2377 644 2438 altaria
662 2377 847 2437 celebrantur.
890 2376 928 2435 Et
949 2381 1068 2437 miratus
1089 2383 1129 2436 cst
1146 2370 1193 2431 val·

187 2463 223 2522 de
246 2461 281 2522 de
303 2463 417 2522 homine
437 2463 520 2523 laico.
563 2465 735 2524 Revertente
753 2471 903 2538 conventu,
925 2465 971 2523 ille
994 2466 1075 2524 vultu
1094 2455 1192 2522 iocunde

186 2552 228 2609 sic
256 2551 308 2608 ait:
339 2549 415 2610 Ecce
438 2550 566 2609 Christus
596 2569 661 2610 cum
689 2558 780 2610 matre
809 2557 838 2610 et
866 2554 971 2610 sanctis
997 2553 1057 2610 suis
1083 2560 1193 2626 praesens

187 2643 239 2713 est,
260 2637 399 2696 habentes
413 2655 514 2696 manus
533 2636 630 2716 suas²)
652 2639 706 2698 sub
728 2644 824 2697 mento
846 2654 920 2713 meo,
942 2646 971 2698 et
991 2640 1049 2698 iam
1066 2635 1193 2711 suscipient
1241 2661 1242 2743 p

186 2722 352 2804 animam).
393 2723 544 2801 Necmihi
566 2725 695 2799 credatis,
715 2727 740 2784 si
760 2727 789 2783 in
809 2727 926 2784 instanti
945 2733 1074 2784 mortuus
1092 2739 1143 2782 uon
1159 2719 1192 2776 lu·

187 2829 246 2872 ero.
278 2811 326 2870 Ad
341 2811 551 2887 quodverbum
564 2829 632 2871 mox
649 2809 811 2888 exspiravit,
832 2819 923 2871 morte
938 2814 1028 2872 verba
1042 2810 1192 2872 confirmor·
1240 2885 1241 2888 Ἴ

186 2898 233 2958 De
255 2901 335 2958 cuius
358 2915 476 2975 corpore
498 2901 593 2958 statim
615 2905 711 2958 tantus
733 2899 804 2958 odor
825 2902 926 2973 exivit,
953 2907 987 2956 ut
1018 2915 1112 2958 omnes
1135 2891 1192 2952 illius
1240 2933 1241 2958 r

187 2987 328 3045 suavitate
349 2985 531 3046 reficerentur
554 2988 776 3048 circumstantes.
818 2984 1022 3046 NOVICIUS:
1050 2981 1135 3046 Valde
1157 2991 1192 3036 me

187 3079 296 3130 recreat
315 3072 417 3133 horum
440 3075 539 3132 oratio.
588 3070 822 3132 MONAOHUS:
851 3072 895 3129 Ex
924 3089 982 3149 quo
1003 3089 1093 3132 sermo
1113 3061 1191 3128 astte

188 3156 331 3233 militibus,
352 3159 472 3218 referam
494 3159 571 3218 unde
593 3159 714 3234 amplius
735 3156 940 3239 aedificeris⁴);
961 3153 1137 3234 iterumque⁵)
1156 3166 1191 3208 it·

187 3249 282 3303 vertar
303 3243 340 3303 ad
360 3262 496 3320 personas
516 3246 671 3324 religiosas.

431 3495 434 3506 .
525 3467 937 3521 W

206 3765 237 3832 l]
254 3762 320 3817 BCF
338 3763 514 3832 religionis
531 3771 677 3816 nostrae.
692 3792 722 3802 -
736 3765 767 3829 2)
786 3763 963 3816 suasaddE.
979 3793 1010 3804 -
1023 3757 1124 3831 3)'BCE
1137 3753 1188 3837 inl·

256 3849 334 3885 marn
357 3849 461 3885 meam.
486 3863 518 3872 —
541 3834 573 3900 t)
598 3832 618 3885 C
642 3831 889 3904 aedificaberis,
916 3863 946 3872 -
972 3834 1004 3900 5)
1022 3847 1080 3901 quo
1100 3821 1185 3880 onbt.
1237 3841 1238 3846 ¹
