<?xml version="1.0" encoding="UTF-8"?>
<!DOCTYPE html PUBLIC "-//W3C//DTD XHTML 1.0 Transitional//EN"
    "http://www.w3.org/TR/xhtml1/DTD/xhtml1-transitional.dtd">
<html xmlns="http://www.w3.org/1999/xhtml" xml:lang="en" lang="en">
 <head>
  <title>
</title>
<meta http-equiv="Content-Type" content="text/html;charset=utf-8" />
  <meta name='ocr-system' content='tesseract 3.04.00' />
  <meta name='ocr-capabilities' content='ocr_page ocr_carea ocr_par ocr_line ocrx_word'/>
</head>
<body>
  <div class='ocr_page' id='page_1' title='image "./caesariiheister02stragoog_0219.png"; bbox 0 0 2506 4254; ppageno 0'>
   <div class='ocr_carea' id='block_1_1' title="bbox 154 275 916 342">
    <p class='ocr_par' dir='ltr' id='par_1_1' title="bbox 154 275 916 342">
     <span class='ocr_line' id='line_1_1' title="bbox 154 275 916 342; baseline -0.004 0"><span class='ocrx_word' id='word_1_1' title='bbox 154 282 217 342; x_wconf 81' lang='lat'><strong>208</strong></span> <span class='ocrx_word' id='word_1_2' title='bbox 502 277 731 342; x_wconf 76' lang='lat' dir='ltr'><strong>nisumurlo</strong></span> <span class='ocrx_word' id='word_1_3' title='bbox 751 275 862 342; x_wconf 78' lang='lat' dir='ltr'>NONA</span> <span class='ocrx_word' id='word_1_4' title='bbox 912 299 916 304; x_wconf 93' lang='lat'>·</span> 
     </span>
    </p>
   </div>
   <div class='ocr_carea' id='block_1_2' title="bbox 150 395 1182 1176">
    <p class='ocr_par' dir='ltr' id='par_1_2' title="bbox 150 395 1182 1176">
     <span class='ocr_line' id='line_1_2' title="bbox 153 395 1182 481; baseline -0.002 -19"><span class='ocrx_word' id='word_1_5' title='bbox 153 403 286 463; x_wconf 87' lang='lat' dir='ltr'><strong>manibus</strong></span> <span class='ocrx_word' id='word_1_6' title='bbox 299 399 416 478; x_wconf 85' lang='lat' dir='ltr'><strong>pollutis</strong></span> <span class='ocrx_word' id='word_1_7' title='bbox 427 395 444 481; x_wconf 88' lang='lat'><strong>¹)</strong></span> <span class='ocrx_word' id='word_1_8' title='bbox 466 417 567 461; x_wconf 85' lang='lat' dir='ltr'><strong>verum</strong></span> <span class='ocrx_word' id='word_1_9' title='bbox 586 399 688 462; x_wconf 78' lang='lat' dir='ltr'>Christi</span> <span class='ocrx_word' id='word_1_10' title='bbox 711 419 814 478; x_wconf 85' lang='lat' dir='ltr'><strong>eorpus</strong></span> <span class='ocrx_word' id='word_1_11' title='bbox 836 397 1007 478; x_wconf 75' lang='lat' dir='ltr'><strong>tangentes?</strong></span> <span class='ocrx_word' id='word_1_12' title='bbox 1027 397 1058 460; x_wconf 88' lang='lat' dir='ltr'><strong>Si</strong></span> <span class='ocrx_word' id='word_1_13' title='bbox 1078 397 1182 460; x_wconf 82' lang='lat' dir='ltr'><strong>dohan-</strong></span> 
     </span>
     <span class='ocr_line' id='line_1_3' title="bbox 153 487 1182 566; baseline -0.002 -18"><span class='ocrx_word' id='word_1_14' title='bbox 153 505 214 565; x_wconf 85' lang='lat' dir='ltr'><strong>nes,</strong></span> <span class='ocrx_word' id='word_1_15' title='bbox 236 496 269 548; x_wconf 94' lang='lat' dir='ltr'><strong>ut</strong></span> <span class='ocrx_word' id='word_1_16' title='bbox 290 491 331 548; x_wconf 88' lang='lat' dir='ltr'><strong>ait</strong></span> <span class='ocrx_word' id='word_1_17' title='bbox 351 487 546 566; x_wconf 75' lang='lat' dir='ltr'><strong>Augustinus,</strong></span> <span class='ocrx_word' id='word_1_18' title='bbox 571 490 732 565; x_wconf 72' lang='lat' dir='ltr'><strong>spuendo</strong></span> <span class='ocrx_word' id='word_1_19' title='bbox 752 491 782 547; x_wconf 88' lang='lat' dir='ltr'><strong>in</strong></span> <span class='ocrx_word' id='word_1_20' title='bbox 802 487 919 564; x_wconf 76' lang='lat' dir='ltr'><strong>heremo</strong></span> <span class='ocrx_word' id='word_1_21' title='bbox 940 493 1139 564; x_wconf 81' lang='lat' dir='ltr'><strong>conversatus,</strong></span> <span class='ocrx_word' id='word_1_22' title='bbox 1161 489 1182 546; x_wconf 87' lang='lat' dir='ltr'><strong>iu</strong></span> 
     </span>
     <span class='ocr_line' id='line_1_4' title="bbox 153 573 1182 650; baseline -0.002 -14"><span class='ocrx_word' id='word_1_23' title='bbox 153 583 235 636; x_wconf 84' lang='lat' dir='ltr'><strong>utero</strong></span> <span class='ocrx_word' id='word_1_24' title='bbox 256 577 355 636; x_wconf 86' lang='lat' dir='ltr'><strong>matris</strong></span> <span class='ocrx_word' id='word_1_25' title='bbox 376 574 579 650; x_wconf 82' lang='lat' dir='ltr'><strong>sanctificatus,</strong></span> <span class='ocrx_word' id='word_1_26' title='bbox 604 592 691 636; x_wconf 89' lang='lat' dir='ltr'><strong>ausus</strong></span> <span class='ocrx_word' id='word_1_27' title='bbox 712 591 770 635; x_wconf 88' lang='lat' dir='ltr'><strong>non</strong></span> <span class='ocrx_word' id='word_1_28' title='bbox 791 575 845 634; x_wconf 88' lang='lat' dir='ltr'><strong>iuit</strong></span> <span class='ocrx_word' id='word_1_29' title='bbox 863 574 945 634; x_wconf 89' lang='lat' dir='ltr'><strong>illum</strong></span> <span class='ocrx_word' id='word_1_30' title='bbox 965 573 1182 636; x_wconf 88' lang='lat' dir='ltr'><strong>tremendumet</strong></span> 
     </span>
     <span class='ocr_line' id='line_1_5' title="bbox 152 660 1180 740; baseline -0.002 -19"><span class='ocrx_word' id='word_1_31' title='bbox 152 661 342 730; x_wconf 86' lang='lat' dir='ltr'><strong>reverendum</strong></span> <span class='ocrx_word' id='word_1_32' title='bbox 370 661 478 740; x_wconf 85' lang='lat' dir='ltr'><strong>angelis</strong></span> <span class='ocrx_word' id='word_1_33' title='bbox 505 661 624 722; x_wconf 80' lang='lat' dir='ltr'><strong>Domini</strong></span> <span class='ocrx_word' id='word_1_34' title='bbox 655 664 791 722; x_wconf 87' lang='lat' dir='ltr'><strong>verticem</strong></span> <span class='ocrx_word' id='word_1_35' title='bbox 823 669 956 740; x_wconf 89' lang='lat' dir='ltr'><strong>tangere,</strong></span> <span class='ocrx_word' id='word_1_36' title='bbox 988 660 1131 737; x_wconf 86' lang='lat' dir='ltr'><strong>¹quomodo</strong></span> <span class='ocrx_word' id='word_1_37' title='bbox 1158 665 1180 719; x_wconf 87' lang='lat' dir='ltr'><strong>tu</strong></span> 
     </span>
     <span class='ocr_line' id='line_1_6' title="bbox 152 747 1181 828; baseline -0.004 -18"><span class='ocrx_word' id='word_1_38' title='bbox 152 756 286 827; x_wconf 84' lang='lat' dir='ltr'><strong>peccator</strong></span> <span class='ocrx_word' id='word_1_39' title='bbox 307 755 337 810; x_wconf 89' lang='lat' dir='ltr'><strong>et</strong></span> <span class='ocrx_word' id='word_1_40' title='bbox 357 748 498 826; x_wconf 86' lang='lat' dir='ltr'><strong>pollutus,</strong></span> <span class='ocrx_word' id='word_1_41' title='bbox 526 765 584 808; x_wconf 90' lang='lat' dir='ltr'><strong>nou</strong></span> <span class='ocrx_word' id='word_1_42' title='bbox 606 747 669 810; x_wconf 90' lang='lat' dir='ltr'><strong>dieo</strong></span> <span class='ocrx_word' id='word_1_43' title='bbox 692 751 842 828; x_wconf 84' lang='lat' dir='ltr'><strong>verticem,</strong></span> <span class='ocrx_word' id='word_1_44' title='bbox 864 748 914 809; x_wconf 87' lang='lat' dir='ltr'><strong>sed</strong></span> <span class='ocrx_word' id='word_1_45' title='bbox 935 753 1027 808; x_wconf 87' lang='lat' dir='ltr'><strong>totum</strong></span> <span class='ocrx_word' id='word_1_46' title='bbox 1050 747 1181 808; x_wconf 81' lang='lat' dir='ltr'><strong>Christum</strong></span> 
     </span>
     <span class='ocr_line' id='line_1_7' title="bbox 151 833 1180 912; baseline -0.004 -15"><span class='ocrx_word' id='word_1_47' title='bbox 151 836 249 897; x_wconf 91' lang='lat' dir='ltr'><strong>Deum</strong></span> <span class='ocrx_word' id='word_1_48' title='bbox 271 843 300 896; x_wconf 88' lang='lat' dir='ltr'><strong>et</strong></span> <span class='ocrx_word' id='word_1_49' title='bbox 320 835 465 896; x_wconf 89' lang='lat' dir='ltr'><strong>hominem</strong></span> <span class='ocrx_word' id='word_1_50' title='bbox 486 852 543 895; x_wconf 89' lang='lat' dir='ltr'><strong>non</strong></span> <span class='ocrx_word' id='word_1_51' title='bbox 565 835 658 895; x_wconf 88' lang='lat' dir='ltr'><strong>solum</strong></span> <span class='ocrx_word' id='word_1_52' title='bbox 679 842 811 912; x_wconf 87' lang='lat' dir='ltr'><strong>tangere,</strong></span> <span class='ocrx_word' id='word_1_53' title='bbox 836 835 888 896; x_wconf 90' lang='lat' dir='ltr'><strong>sed</strong></span> <span class='ocrx_word' id='word_1_54' title='bbox 909 837 939 894; x_wconf 91' lang='lat' dir='ltr'><strong>in</strong></span> <span class='ocrx_word' id='word_1_55' title='bbox 961 834 1103 911; x_wconf 88' lang='lat' dir='ltr'><strong>ergastulo</strong></span> <span class='ocrx_word' id='word_1_56' title='bbox 1123 833 1180 910; x_wconf 88' lang='lat' dir='ltr'><strong>pol·</strong></span> 
     </span>
     <span class='ocr_line' id='line_1_8' title="bbox 151 917 1181 1002; baseline -0.003 -18"><span class='ocrx_word' id='word_1_57' title='bbox 151 923 204 984; x_wconf 86' lang='lat' dir='ltr'><strong>luti</strong></span> <span class='ocrx_word' id='word_1_58' title='bbox 225 925 350 1002; x_wconf 88' lang='lat' dir='ltr'><strong>eorporis</strong></span> <span class='ocrx_word' id='word_1_59' title='bbox 371 925 454 999; x_wconf 86' lang='lat' dir='ltr'><strong>quasi</strong></span> <span class='ocrx_word' id='word_1_60' title='bbox 474 921 619 982; x_wconf 78' lang='lat' dir='ltr'><strong>includere</strong></span> <span class='ocrx_word' id='word_1_61' title='bbox 641 929 670 982; x_wconf 89' lang='lat' dir='ltr'><strong>et</strong></span> <span class='ocrx_word' id='word_1_62' title='bbox 690 924 867 982; x_wconf 86' lang='lat' dir='ltr'><strong>incarcerare</strong></span> <span class='ocrx_word' id='word_1_63' title='bbox 887 917 1066 1000; x_wconf 69' lang='lat' dir='ltr'><strong>praesumis?</strong></span> <span class='ocrx_word' id='word_1_64' title='bbox 1097 919 1181 981; x_wconf 83' lang='lat' dir='ltr'><strong>Multa</strong></span> 
     </span>
     <span class='ocr_line' id='line_1_9' title="bbox 150 1009 1180 1087; baseline 0.002 -17"><span class='ocrx_word' id='word_1_65' title='bbox 150 1010 208 1070; x_wconf 85' lang='lat' dir='ltr'><strong>alia</strong></span> <span class='ocrx_word' id='word_1_66' title='bbox 229 1017 329 1072; x_wconf 88' lang='lat' dir='ltr'><strong>eontra</strong></span> <span class='ocrx_word' id='word_1_67' title='bbox 352 1009 443 1069; x_wconf 87' lang='lat' dir='ltr'><strong>malos</strong></span> <span class='ocrx_word' id='word_1_68' title='bbox 463 1009 627 1070; x_wconf 84' lang='lat' dir='ltr'><strong>sacerdotes</strong></span> <span class='ocrx_word' id='word_1_69' title='bbox 648 1009 773 1085; x_wconf 85' lang='lat' dir='ltr'><strong>prolerre</strong></span> <span class='ocrx_word' id='word_1_70' title='bbox 800 1009 853 1070; x_wconf 83' lang='lat' dir='ltr'><strong>noi</strong></span> <span class='ocrx_word' id='word_1_71' title='bbox 872 1025 988 1087; x_wconf 86' lang='lat' dir='ltr'><strong>possem</strong></span> <span class='ocrx_word' id='word_1_72' title='bbox 1016 1009 1180 1084; x_wconf 72' lang='lat' dir='ltr'><strong>mamona,</strong></span> 
     </span>
     <span class='ocr_line' id='line_1_10' title="bbox 151 1095 699 1176; baseline -0.004 -18"><span class='ocrx_word' id='word_1_73' title='bbox 151 1097 203 1158; x_wconf 86' lang='lat' dir='ltr'><strong>sed</strong></span> <span class='ocrx_word' id='word_1_74' title='bbox 225 1099 316 1176; x_wconf 90' lang='lat' dir='ltr'><strong>magis</strong></span> <span class='ocrx_word' id='word_1_75' title='bbox 336 1110 366 1158; x_wconf 86' lang='lat' dir='ltr'><strong>te</strong></span> <span class='ocrx_word' id='word_1_76' title='bbox 386 1095 540 1158; x_wconf 83' lang='lat' dir='ltr'><strong>aedificant</strong></span> <span class='ocrx_word' id='word_1_77' title='bbox 559 1096 699 1173; x_wconf 82' lang='lat' dir='ltr'><strong>exempla</strong></span> 
     </span>
    </p>
   </div>
   <div class='ocr_carea' id='block_1_3' title="bbox 507 1283 846 1360">
    <p class='ocr_par' dir='ltr' id='par_1_3' title="bbox 507 1283 846 1360">
     <span class='ocr_line' id='line_1_11' title="bbox 507 1283 846 1360; baseline 0.006 -12"><span class='ocrx_word' id='word_1_78' title='bbox 507 1285 741 1349; x_wconf 78' lang='lat' dir='ltr'><strong>CAPITULUM</strong></span> <span class='ocrx_word' id='word_1_79' title='bbox 760 1283 846 1360; x_wconf 39' lang='lat' dir='ltr'><strong>Livi</strong></span> 
     </span>
    </p>
   </div>
   <div class='ocr_carea' id='block_1_4' title="bbox 112 1395 1114 1574">
    <p class='ocr_par' dir='ltr' id='par_1_4' title="bbox 112 1395 1114 1574">
     <span class='ocr_line' id='line_1_12' title="bbox 112 1395 1114 1487; baseline -0.004 -11"><span class='ocrx_word' id='word_1_80' title='bbox 112 1395 117 1404; x_wconf 33' lang='lat'><em>³</em></span> <span class='ocrx_word' id='word_1_81' title='bbox 212 1411 279 1475; x_wconf 73' lang='lat' dir='ltr'><strong>De</strong></span> <span class='ocrx_word' id='word_1_82' title='bbox 298 1409 449 1472; x_wconf 67' lang='lat' dir='ltr'><strong>aaemdote</strong></span> <span class='ocrx_word' id='word_1_83' title='bbox 469 1412 504 1470; x_wconf 78' lang='lat' dir='ltr'><strong>t&#39;rs</strong></span> <span class='ocrx_word' id='word_1_84' title='bbox 523 1409 717 1470; x_wconf 75' lang='lat' dir='ltr'><strong>Hederamuee</strong></span> <span class='ocrx_word' id='word_1_85' title='bbox 738 1413 791 1487; x_wconf 77' lang='lat' dir='ltr'><strong>qui</strong></span> <span class='ocrx_word' id='word_1_86' title='bbox 811 1407 953 1472; x_wconf 70' lang='lat' dir='ltr'><strong>carbones</strong></span> <span class='ocrx_word' id='word_1_87' title='bbox 973 1412 1053 1470; x_wconf 61' lang='lat' dir='ltr'><strong>omres</strong></span> <span class='ocrx_word' id='word_1_88' title='bbox 1074 1415 1114 1472; x_wconf 75' lang='lat' dir='ltr'><strong>aa</strong></span> 
     </span>
     <span class='ocr_line' id='line_1_13' title="bbox 364 1499 984 1574; baseline 0 -16"><span class='ocrx_word' id='word_1_89' title='bbox 364 1500 521 1558; x_wconf 78' lang='lat' dir='ltr'><strong>mmtieure</strong></span> <span class='ocrx_word' id='word_1_90' title='bbox 541 1499 574 1556; x_wconf 82' lang='lat' dir='ltr'><strong>in</strong></span> <span class='ocrx_word' id='word_1_91' title='bbox 589 1499 777 1574; x_wconf 76' lang='lat' dir='ltr'><strong>perceptione</strong></span> <span class='ocrx_word' id='word_1_92' title='bbox 797 1499 984 1558; x_wconf 75' lang='lat' dir='ltr'><strong>eaeroraeatt</strong></span> 
     </span>
    </p>
   </div>
   <div class='ocr_carea' id='block_1_5' title="bbox 217 1615 1238 1697">
    <p class='ocr_par' dir='ltr' id='par_1_5' title="bbox 217 1615 1238 1697">
     <span class='ocr_line' id='line_1_14' title="bbox 217 1615 1238 1697; baseline -0.002 -19"><span class='ocrx_word' id='word_1_93' title='bbox 217 1615 254 1678; x_wconf 88' lang='lat' dir='ltr'><strong>In</strong></span> <span class='ocrx_word' id='word_1_94' title='bbox 281 1615 466 1679; x_wconf 85' lang='lat' dir='ltr'><strong>Hadenmare</strong></span> <span class='ocrx_word' id='word_1_95' title='bbox 494 1617 563 1677; x_wconf 87' lang='lat' dir='ltr'><strong>villa</strong></span> <span class='ocrx_word' id='word_1_96' title='bbox 591 1617 741 1678; x_wconf 87' lang='lat' dir='ltr'><strong>Diaeeesis</strong></span> <span class='ocrx_word' id='word_1_97' title='bbox 760 1617 962 1697; x_wconf 77' lang='lat' dir='ltr'><strong>Treversnsis,</strong></span> <span class='ocrx_word' id='word_1_98' title='bbox 989 1633 1055 1678; x_wconf 86' lang='lat' dir='ltr'><strong>sum</strong></span> <span class='ocrx_word' id='word_1_99' title='bbox 1075 1615 1179 1694; x_wconf 83' lang='lat' dir='ltr'><strong>qnidam</strong></span> <span class='ocrx_word' id='word_1_100' title='bbox 1237 1635 1238 1648; x_wconf 57' lang='lat'><em>*</em></span> 
     </span>
    </p>
   </div>
   <div class='ocr_carea' id='block_1_6' title="bbox 62 1703 1238 1787">
    <p class='ocr_par' dir='ltr' id='par_1_6' title="bbox 62 1703 1238 1787">
     <span class='ocr_line' id='line_1_15' title="bbox 62 1703 1238 1787; baseline -0.004 -20"><span class='ocrx_word' id='word_1_101' title='bbox 62 1779 66 1787; x_wconf 31' lang='grc' dir='ltr'>Ι</span> <span class='ocrx_word' id='word_1_102' title='bbox 151 1704 288 1767; x_wconf 84' lang='lat' dir='ltr'><strong>sacerdos</strong></span> <span class='ocrx_word' id='word_1_103' title='bbox 320 1707 369 1782; x_wconf 89' lang='lat' dir='ltr'><strong>qui</strong></span> <span class='ocrx_word' id='word_1_104' title='bbox 401 1705 498 1766; x_wconf 62' lang='lat' dir='ltr'><strong>mhue</strong></span> <span class='ocrx_word' id='word_1_105' title='bbox 529 1706 613 1781; x_wconf 79' lang='lat' dir='ltr'><strong>sirit,</strong></span> <span class='ocrx_word' id='word_1_106' title='bbox 651 1707 768 1764; x_wconf 89' lang='lat' dir='ltr'><strong>missam</strong></span> <span class='ocrx_word' id='word_1_107' title='bbox 797 1705 968 1780; x_wconf 79' lang='lat' dir='ltr'><strong>celebraret,</strong></span> <span class='ocrx_word' id='word_1_108' title='bbox 999 1703 1180 1766; x_wconf 77' lang='lat' dir='ltr'><strong>Theodericus</strong></span> <span class='ocrx_word' id='word_1_109' title='bbox 1237 1703 1238 1786; x_wconf 55' lang='lat' dir='ltr'><strong>l</strong></span> 
     </span>
    </p>
   </div>
   <div class='ocr_carea' id='block_1_7' title="bbox 94 1789 1179 3084">
    <p class='ocr_par' dir='ltr' id='par_1_7' title="bbox 94 1789 1179 3084">
     <span class='ocr_line' id='line_1_16' title="bbox 152 1789 1179 1870; baseline -0.006 -16"><span class='ocrx_word' id='word_1_110' title='bbox 152 1791 312 1854; x_wconf 85' lang='lat' dir='ltr'><strong>monachus</strong></span> <span class='ocrx_word' id='word_1_111' title='bbox 337 1792 546 1852; x_wconf 80' lang='lat' dir='ltr'><strong>Bbarbaeeusls</strong></span> <span class='ocrx_word' id='word_1_112' title='bbox 572 1793 601 1850; x_wconf 93' lang='lat' dir='ltr'><strong>in</strong></span> <span class='ocrx_word' id='word_1_113' title='bbox 629 1789 701 1851; x_wconf 87' lang='lat' dir='ltr'><strong>hora</strong></span> <span class='ocrx_word' id='word_1_114' title='bbox 722 1792 890 1868; x_wconf 85' lang='lat' dir='ltr'><strong>sumptionis</strong></span> <span class='ocrx_word' id='word_1_115' title='bbox 912 1791 1052 1852; x_wconf 81' lang='lat' dir='ltr'><strong>carbones</strong></span> <span class='ocrx_word' id='word_1_116' title='bbox 1072 1790 1179 1870; x_wconf 86' lang='lat' dir='ltr'><strong>nigerri-</strong></span> 
     </span>
     <span class='ocr_line' id='line_1_17' title="bbox 153 1875 1178 1959; baseline -0.004 -19"><span class='ocrx_word' id='word_1_117' title='bbox 153 1895 218 1940; x_wconf 87' lang='lat' dir='ltr'><strong>mos</strong></span> <span class='ocrx_word' id='word_1_118' title='bbox 244 1879 325 1939; x_wconf 89' lang='lat' dir='ltr'><strong>lllum</strong></span> <span class='ocrx_word' id='word_1_119' title='bbox 352 1876 424 1940; x_wconf 80' lang='lat' dir='ltr'><strong>vidit</strong></span> <span class='ocrx_word' id='word_1_120' title='bbox 450 1880 658 1938; x_wconf 77' lang='lat' dir='ltr'><strong>masticantem.</strong></span> <span class='ocrx_word' id='word_1_121' title='bbox 698 1877 753 1938; x_wconf 86' lang='lat' dir='ltr'><strong>Est</strong></span> <span class='ocrx_word' id='word_1_122' title='bbox 778 1881 854 1939; x_wconf 89' lang='lat' dir='ltr'><strong>enim</strong></span> <span class='ocrx_word' id='word_1_123' title='bbox 862 1875 884 1959; x_wconf 86' lang='lat'><strong>²)</strong></span> <span class='ocrx_word' id='word_1_124' title='bbox 912 1878 1046 1939; x_wconf 82' lang='lat' dir='ltr'><strong>sacerdos</strong></span> <span class='ocrx_word' id='word_1_125' title='bbox 1072 1876 1178 1954; x_wconf 81' lang='lat' dir='ltr'><strong>simplex</strong></span> 
     </span>
     <span class='ocr_line' id='line_1_18' title="bbox 155 1956 1178 2045; baseline -0.006 -17"><span class='ocrx_word' id='word_1_126' title='bbox 155 1971 185 2028; x_wconf 84' lang='lat' dir='ltr'><strong>et</strong></span> <span class='ocrx_word' id='word_1_127' title='bbox 215 1971 326 2042; x_wconf 84' lang='lat' dir='ltr'><strong>rectus,</strong></span> <span class='ocrx_word' id='word_1_128' title='bbox 357 1972 386 2026; x_wconf 87' lang='lat' dir='ltr'><strong>et</strong></span> <span class='ocrx_word' id='word_1_129' title='bbox 413 1965 505 2026; x_wconf 89' lang='lat' dir='ltr'><strong>multa</strong></span> <span class='ocrx_word' id='word_1_130' title='bbox 526 1961 580 2045; x_wconf 84' lang='lat' dir='ltr'><strong>ei⁸)</strong></span> <span class='ocrx_word' id='word_1_131' title='bbox 609 1965 743 2025; x_wconf 88' lang='lat' dir='ltr'><strong>divinitus</strong></span> <span class='ocrx_word' id='word_1_132' title='bbox 765 1965 936 2026; x_wconf 84' lang='lat' dir='ltr'><strong>revelantur.</strong></span> <span class='ocrx_word' id='word_1_133' title='bbox 977 1956 1121 2026; x_wconf 82' lang='lat' dir='ltr'><strong>lixisten&#39;te</strong></span> <span class='ocrx_word' id='word_1_134' title='bbox 1140 1977 1178 2022; x_wconf 87' lang='lat' dir='ltr'><strong>ma</strong></span> 
     </span>
     <span class='ocr_line' id='line_1_19' title="bbox 153 2048 1177 2133; baseline -0.005 -19"><span class='ocrx_word' id='word_1_135' title='bbox 153 2067 230 2114; x_wconf 79' lang='lat' dir='ltr'><strong>anno</strong></span> <span class='ocrx_word' id='word_1_136' title='bbox 258 2055 410 2130; x_wconf 87' lang='lat' dir='ltr'><strong>praeterito</strong></span> <span class='ocrx_word' id='word_1_137' title='bbox 439 2069 505 2114; x_wconf 91' lang='lat' dir='ltr'><strong>eum</strong></span> <span class='ocrx_word' id='word_1_138' title='bbox 532 2051 649 2112; x_wconf 85' lang='lat' dir='ltr'><strong>Abbate</strong></span> <span class='ocrx_word' id='word_1_139' title='bbox 677 2048 771 2133; x_wconf 60' lang='lat' dir='ltr'><strong>meoi)</strong></span> <span class='ocrx_word' id='word_1_140' title='bbox 799 2054 829 2111; x_wconf 91' lang='lat' dir='ltr'><strong>in</strong></span> <span class='ocrx_word' id='word_1_141' title='bbox 861 2051 962 2112; x_wconf 87' lang='lat' dir='ltr'><strong>eadem</strong></span> <span class='ocrx_word' id='word_1_142' title='bbox 988 2051 1074 2130; x_wconf 76' lang='lat' dir='ltr'><strong>villa3</strong></span> <span class='ocrx_word' id='word_1_143' title='bbox 1102 2049 1177 2112; x_wconf 75' lang='lat' dir='ltr'><strong>hald</strong></span> 
     </span>
     <span class='ocr_line' id='line_1_20' title="bbox 153 2133 1176 2216; baseline -0.005 -15"><span class='ocrx_word' id='word_1_144' title='bbox 153 2141 230 2201; x_wconf 76' lang='lat' dir='ltr'><strong>enin</strong></span> <span class='ocrx_word' id='word_1_145' title='bbox 257 2139 359 2200; x_wconf 87' lang='lat' dir='ltr'><strong>domus</strong></span> <span class='ocrx_word' id='word_1_146' title='bbox 388 2139 424 2200; x_wconf 91' lang='lat' dir='ltr'><strong>de</strong></span> <span class='ocrx_word' id='word_1_147' title='bbox 452 2137 622 2200; x_wconf 80' lang='lat' dir='ltr'><strong>Eberbaeho</strong></span> <span class='ocrx_word' id='word_1_148' title='bbox 647 2141 796 2216; x_wconf 77' lang='lat' dir='ltr'><strong>grangiam</strong></span> <span class='ocrx_word' id='word_1_149' title='bbox 817 2141 847 2198; x_wconf 91' lang='lat' dir='ltr'><strong>ln</strong></span> <span class='ocrx_word' id='word_1_150' title='bbox 869 2139 972 2199; x_wconf 87' lang='lat' dir='ltr'><strong>eadem</strong></span> <span class='ocrx_word' id='word_1_151' title='bbox 991 2139 1073 2216; x_wconf 84' lang='lat' dir='ltr'><strong>villa,</strong></span> <span class='ocrx_word' id='word_1_152' title='bbox 1102 2143 1129 2198; x_wconf 92' lang='lat' dir='ltr'><strong>et</strong></span> <span class='ocrx_word' id='word_1_153' title='bbox 1145 2133 1176 2196; x_wconf 86' lang='lat' dir='ltr'><strong>ad</strong></span> 
     </span>
     <span class='ocr_line' id='line_1_21' title="bbox 153 2223 1177 2307; baseline -0.004 -20"><span class='ocrx_word' id='word_1_154' title='bbox 153 2223 250 2307; x_wconf 77' lang='lat' dir='ltr'><strong>eum⁵)</strong></span> <span class='ocrx_word' id='word_1_155' title='bbox 285 2233 397 2304; x_wconf 86' lang='lat' dir='ltr'><strong>spectat</strong></span> <span class='ocrx_word' id='word_1_156' title='bbox 423 2225 519 2286; x_wconf 79' lang='lat' dir='ltr'><strong>divim</strong></span> <span class='ocrx_word' id='word_1_157' title='bbox 550 2225 607 2286; x_wconf 90' lang='lat' dir='ltr'><strong>illie</strong></span> <span class='ocrx_word' id='word_1_158' title='bbox 627 2242 795 2302; x_wconf 81' lang='lat' dir='ltr'><strong>procurare3</strong></span> <span class='ocrx_word' id='word_1_159' title='bbox 825 2226 920 2286; x_wconf 85' lang='lat' dir='ltr'><strong>retrrlit</strong></span> <span class='ocrx_word' id='word_1_160' title='bbox 945 2227 1030 2286; x_wconf 89' lang='lat' dir='ltr'><strong>nobis</strong></span> <span class='ocrx_word' id='word_1_161' title='bbox 1057 2226 1177 2302; x_wconf 78' lang='lat' dir='ltr'><strong>magister</strong></span> 
     </span>
     <span class='ocr_line' id='line_1_22' title="bbox 152 2311 1175 2391; baseline -0.005 -17"><span class='ocrx_word' id='word_1_162' title='bbox 152 2316 288 2391; x_wconf 86' lang='lat' dir='ltr'><strong>grangiae</strong></span> <span class='ocrx_word' id='word_1_163' title='bbox 310 2314 420 2373; x_wconf 85' lang='lat' dir='ltr'><strong>dicens:</strong></span> <span class='ocrx_word' id='word_1_164' title='bbox 448 2312 574 2373; x_wconf 76' lang='lat' dir='ltr'><strong>Tantum</strong></span> <span class='ocrx_word' id='word_1_165' title='bbox 594 2314 734 2389; x_wconf 84' lang='lat' dir='ltr'><strong>pecuniae</strong></span> <span class='ocrx_word' id='word_1_166' title='bbox 756 2319 868 2388; x_wconf 86' lang='lat' dir='ltr'><strong>oportet</strong></span> <span class='ocrx_word' id='word_1_167' title='bbox 888 2329 935 2373; x_wconf 90' lang='lat' dir='ltr'><strong>me</strong></span> <span class='ocrx_word' id='word_1_168' title='bbox 957 2311 1026 2374; x_wconf 88' lang='lat' dir='ltr'><strong>dare</strong></span> <span class='ocrx_word' id='word_1_169' title='bbox 1046 2311 1175 2390; x_wconf 81' lang='lat' dir='ltr'><strong>praedicto</strong></span> 
     </span>
     <span class='ocr_line' id='line_1_23' title="bbox 152 2399 1174 2476; baseline -0.004 -16"><span class='ocrx_word' id='word_1_170' title='bbox 152 2401 308 2476; x_wconf 86' lang='lat' dir='ltr'><strong>sacerdoti,</strong></span> <span class='ocrx_word' id='word_1_171' title='bbox 339 2417 377 2461; x_wconf 89' lang='lat' dir='ltr'><strong>ne</strong></span> <span class='ocrx_word' id='word_1_172' title='bbox 406 2399 527 2461; x_wconf 87' lang='lat' dir='ltr'><strong>eeclesia</strong></span> <span class='ocrx_word' id='word_1_173' title='bbox 557 2399 660 2459; x_wconf 83' lang='lat' dir='ltr'><strong>divinia</strong></span> <span class='ocrx_word' id='word_1_174' title='bbox 688 2408 797 2476; x_wconf 87' lang='lat' dir='ltr'><strong>careat;</strong></span> <span class='ocrx_word' id='word_1_175' title='bbox 833 2405 878 2460; x_wconf 85' lang='lat' dir='ltr'><strong>est</strong></span> <span class='ocrx_word' id='word_1_176' title='bbox 903 2402 979 2460; x_wconf 89' lang='lat' dir='ltr'><strong>enim</strong></span> <span class='ocrx_word' id='word_1_177' title='bbox 1000 2399 1085 2460; x_wconf 85' lang='lat' dir='ltr'><strong>homo</strong></span> <span class='ocrx_word' id='word_1_178' title='bbox 1109 2399 1174 2460; x_wconf 74' lang='lat' dir='ltr'><strong>olus</strong></span> 
     </span>
     <span class='ocr_line' id='line_1_24' title="bbox 152 2483 1173 2564; baseline -0.005 -17"><span class='ocrx_word' id='word_1_179' title='bbox 152 2503 306 2564; x_wconf 81' lang='lat' dir='ltr'><strong>perversae</strong></span> <span class='ocrx_word' id='word_1_180' title='bbox 333 2504 369 2547; x_wconf 88' lang='lat' dir='ltr'><strong>ae</strong></span> <span class='ocrx_word' id='word_1_181' title='bbox 397 2486 573 2562; x_wconf 82' lang='lat' dir='ltr'><strong>luxuriosus,</strong></span> <span class='ocrx_word' id='word_1_182' title='bbox 605 2493 662 2546; x_wconf 84' lang='lat' dir='ltr'><strong>tres</strong></span> <span class='ocrx_word' id='word_1_183' title='bbox 690 2489 792 2546; x_wconf 90' lang='lat' dir='ltr'><strong>missas</strong></span> <span class='ocrx_word' id='word_1_184' title='bbox 814 2486 976 2562; x_wconf 83' lang='lat' dir='ltr'><strong>frequenter</strong></span> <span class='ocrx_word' id='word_1_185' title='bbox 995 2489 1025 2546; x_wconf 91' lang='lat' dir='ltr'><strong>in</strong></span> <span class='ocrx_word' id='word_1_186' title='bbox 1046 2486 1091 2546; x_wconf 89' lang='lat' dir='ltr'><strong>dio</strong></span> <span class='ocrx_word' id='word_1_187' title='bbox 1109 2483 1173 2545; x_wconf 87' lang='lat' dir='ltr'><strong>esle-</strong></span> 
     </span>
     <span class='ocr_line' id='line_1_25' title="bbox 152 2570 1173 2655; baseline -0.007 -21"><span class='ocrx_word' id='word_1_188' title='bbox 152 2574 239 2635; x_wconf 85' lang='lat' dir='ltr'><strong>brana</strong></span> <span class='ocrx_word' id='word_1_189' title='bbox 248 2570 279 2655; x_wconf 82' lang='lat'><strong>¹).</strong></span> <span class='ocrx_word' id='word_1_190' title='bbox 322 2573 376 2634; x_wconf 83' lang='lat' dir='ltr'><strong>Cui</strong></span> <span class='ocrx_word' id='word_1_191' title='bbox 397 2572 500 2634; x_wconf 83' lang='lat' dir='ltr'><strong>Abbos</strong></span> <span class='ocrx_word' id='word_1_192' title='bbox 520 2572 681 2650; x_wconf 85' lang='lat' dir='ltr'><strong>respondit:</strong></span> <span class='ocrx_word' id='word_1_193' title='bbox 709 2573 793 2633; x_wconf 87' lang='lat' dir='ltr'><strong>Prius</strong></span> <span class='ocrx_word' id='word_1_194' title='bbox 813 2575 841 2634; x_wconf 86' lang='lat' dir='ltr'><strong>ei</strong></span> <span class='ocrx_word' id='word_1_195' title='bbox 862 2573 960 2632; x_wconf 88' lang='lat' dir='ltr'><strong>darem</strong></span> <span class='ocrx_word' id='word_1_196' title='bbox 980 2575 1173 2649; x_wconf 88' lang='lat' dir='ltr'><strong>pecuniamne</strong></span> 
     </span>
     <span class='ocr_line' id='line_1_26' title="bbox 152 2659 1171 2740; baseline -0.005 -18"><span class='ocrx_word' id='word_1_197' title='bbox 152 2660 317 2722; x_wconf 77' lang='lat' dir='ltr'><strong>celebraret</strong></span> <span class='ocrx_word' id='word_1_198' title='bbox 361 2661 421 2740; x_wconf 80' lang='lat' dir='ltr'><strong>Qut</strong></span> <span class='ocrx_word' id='word_1_199' title='bbox 449 2665 526 2719; x_wconf 82' lang='lat' dir='ltr'><strong>enim</strong></span> <span class='ocrx_word' id='word_1_200' title='bbox 553 2661 716 2720; x_wconf 79' lang='lat' dir='ltr'><strong>nmnduoat</strong></span> <span class='ocrx_word' id='word_1_201' title='bbox 744 2667 773 2719; x_wconf 86' lang='lat' dir='ltr'><strong>et</strong></span> <span class='ocrx_word' id='word_1_202' title='bbox 801 2660 871 2719; x_wconf 77' lang='lat' dir='ltr'><strong>bibit</strong></span> <span class='ocrx_word' id='word_1_203' title='bbox 891 2661 1025 2736; x_wconf 68' lang='lat' dir='ltr'><strong>indigne,</strong></span> <span class='ocrx_word' id='word_1_204' title='bbox 1048 2659 1171 2720; x_wconf 73' lang='lat' dir='ltr'><strong>iudicium</strong></span> 
     </span>
     <span class='ocr_line' id='line_1_27' title="bbox 151 2739 1171 2828; baseline -0.008 -20"><span class='ocrx_word' id='word_1_205' title='bbox 151 2747 207 2808; x_wconf 76' lang='lat' dir='ltr'><strong>sibi</strong></span> <span class='ocrx_word' id='word_1_206' title='bbox 221 2749 385 2808; x_wconf 82' lang='lat' dir='ltr'><strong>manducat</strong></span> <span class='ocrx_word' id='word_1_207' title='bbox 407 2753 435 2807; x_wconf 87' lang='lat' dir='ltr'><strong>et</strong></span> <span class='ocrx_word' id='word_1_208' title='bbox 453 2743 567 2819; x_wconf 55' lang='lat' dir='ltr'><strong>&gt;abidi</strong></span> <span class='ocrx_word' id='word_1_209' title='bbox 608 2744 810 2807; x_wconf 71' lang='lat' dir='ltr'><strong>novicius:</strong></span> <span class='ocrx_word' id='word_1_210' title='bbox 831 2746 908 2822; x_wconf 85' lang='lat' dir='ltr'><strong>Quid</strong></span> <span class='ocrx_word' id='word_1_211' title='bbox 921 2741 1088 2828; x_wconf 62' lang='lat' dir='ltr'><strong>significati)</strong></span> <span class='ocrx_word' id='word_1_212' title='bbox 1107 2739 1171 2822; x_wconf 80' lang='lat' dir='ltr'><strong>quod</strong></span> 
     </span>
     <span class='ocr_line' id='line_1_28' title="bbox 152 2829 1171 2914; baseline -0.006 -18"><span class='ocrx_word' id='word_1_213' title='bbox 152 2837 290 2896; x_wconf 86' lang='lat' dir='ltr'><strong>carbones</strong></span> <span class='ocrx_word' id='word_1_214' title='bbox 318 2836 398 2894; x_wconf 89' lang='lat' dir='ltr'><strong>visus</strong></span> <span class='ocrx_word' id='word_1_215' title='bbox 424 2840 468 2894; x_wconf 88' lang='lat' dir='ltr'><strong>est</strong></span> <span class='ocrx_word' id='word_1_216' title='bbox 489 2835 639 2894; x_wconf 87' lang='lat' dir='ltr'><strong>masticare</strong></span> <span class='ocrx_word' id='word_1_217' title='bbox 651 2829 681 2914; x_wconf 77' lang='lat'><strong>⁸).</strong></span> <span class='ocrx_word' id='word_1_218' title='bbox 730 2833 890 2894; x_wconf 88' lang='lat' dir='ltr'><strong>Sumuutne</strong></span> <span class='ocrx_word' id='word_1_219' title='bbox 911 2833 978 2893; x_wconf 92' lang='lat' dir='ltr'><strong>mali</strong></span> <span class='ocrx_word' id='word_1_220' title='bbox 1000 2850 1099 2911; x_wconf 85' lang='lat' dir='ltr'><strong>¹eorpus</strong></span> <span class='ocrx_word' id='word_1_221' title='bbox 1117 2831 1171 2890; x_wconf 89' lang='lat' dir='ltr'><strong>Do·</strong></span> 
     </span>
     <span class='ocr_line' id='line_1_29' title="bbox 151 2919 1170 2996; baseline -0.003 -16"><span class='ocrx_word' id='word_1_222' title='bbox 151 2921 241 2982; x_wconf 77' lang='lat' dir='ltr'><strong>mini?</strong></span> <span class='ocrx_word' id='word_1_223' title='bbox 275 2920 511 2982; x_wconf 80' lang='lat' dir='ltr'><strong>MONACHUS:</strong></span> <span class='ocrx_word' id='word_1_224' title='bbox 533 2919 657 2980; x_wconf 83' lang='lat' dir='ltr'><strong>Sumunt</strong></span> <span class='ocrx_word' id='word_1_225' title='bbox 677 2921 753 2980; x_wconf 87' lang='lat' dir='ltr'><strong>sicut</strong></span> <span class='ocrx_word' id='word_1_226' title='bbox 772 2926 801 2982; x_wconf 91' lang='lat' dir='ltr'><strong>et</strong></span> <span class='ocrx_word' id='word_1_227' title='bbox 821 2920 903 2996; x_wconf 84' lang='lat' dir='ltr'><strong>boni,</strong></span> <span class='ocrx_word' id='word_1_228' title='bbox 934 2919 987 2982; x_wconf 87' lang='lat' dir='ltr'><strong>sad</strong></span> <span class='ocrx_word' id='word_1_229' title='bbox 1007 2926 1113 2981; x_wconf 88' lang='lat' dir='ltr'><strong>tantum</strong></span> <span class='ocrx_word' id='word_1_230' title='bbox 1130 2932 1170 2977; x_wconf 85' lang='lat' dir='ltr'><strong>sa·</strong></span> 
     </span>
     <span class='ocr_line' id='line_1_30' title="bbox 94 2996 1169 3084; baseline -0.003 -16"><span class='ocrx_word' id='word_1_231' title='bbox 94 3041 102 3054; x_wconf 83' lang='lat'><em>.</em></span> <span class='ocrx_word' id='word_1_232' title='bbox 151 3009 368 3068; x_wconf 83' lang='lat' dir='ltr'><strong>oramentaliter.</strong></span> <span class='ocrx_word' id='word_1_233' title='bbox 411 3006 571 3068; x_wconf 81' lang='lat' dir='ltr'><strong>Carbonem</strong></span> <span class='ocrx_word' id='word_1_234' title='bbox 584 3009 658 3084; x_wconf 89' lang='lat' dir='ltr'><strong>iguis</strong></span> <span class='ocrx_word' id='word_1_235' title='bbox 679 3013 765 3082; x_wconf 70' lang='lat' dir='ltr'><strong>meet,</strong></span> <span class='ocrx_word' id='word_1_236' title='bbox 787 3013 816 3068; x_wconf 88' lang='lat' dir='ltr'><strong>et</strong></span> <span class='ocrx_word' id='word_1_237' title='bbox 829 3013 874 3067; x_wconf 88' lang='lat' dir='ltr'><strong>est</strong></span> <span class='ocrx_word' id='word_1_238' title='bbox 895 3007 983 3078; x_wconf 83' lang='lat' dir='ltr'><strong>carim</strong></span> <span class='ocrx_word' id='word_1_239' title='bbox 1004 3009 1133 3068; x_wconf 72' lang='lat' dir='ltr'><strong>caducus</strong></span> <span class='ocrx_word' id='word_1_240' title='bbox 1145 2996 1169 3082; x_wconf 76' lang='lat'><strong>⁸⁰)</strong></span> 
     </span>
    </p>
   </div>
   <div class='ocr_carea' id='block_1_8' title="bbox 150 3089 1236 3172">
    <p class='ocr_par' dir='ltr' id='par_1_8' title="bbox 150 3089 1236 3172">
     <span class='ocr_line' id='line_1_31' title="bbox 150 3089 1236 3172; baseline -0.002 -18"><span class='ocrx_word' id='word_1_241' title='bbox 150 3095 225 3171; x_wconf 85' lang='lat' dir='ltr'><strong>ignis</strong></span> <span class='ocrx_word' id='word_1_242' title='bbox 245 3097 457 3155; x_wconf 86' lang='lat' dir='ltr'><strong>nutrimentum.</strong></span> <span class='ocrx_word' id='word_1_243' title='bbox 500 3093 557 3171; x_wconf 87' lang='lat' dir='ltr'><strong>Qui</strong></span> <span class='ocrx_word' id='word_1_244' title='bbox 585 3096 661 3153; x_wconf 89' lang='lat' dir='ltr'><strong>enim</strong></span> <span class='ocrx_word' id='word_1_245' title='bbox 688 3094 803 3170; x_wconf 86' lang='lat' dir='ltr'><strong>indigne</strong></span> <span class='ocrx_word' id='word_1_246' title='bbox 832 3092 935 3154; x_wconf 73' lang='lat' dir='ltr'><strong>Christi</strong></span> <span class='ocrx_word' id='word_1_247' title='bbox 963 3112 1064 3172; x_wconf 84' lang='lat' dir='ltr'><strong>eorpus</strong></span> <span class='ocrx_word' id='word_1_248' title='bbox 1083 3093 1170 3153; x_wconf 72' lang='lat' dir='ltr'><strong>molal</strong></span> <span class='ocrx_word' id='word_1_249' title='bbox 1235 3089 1236 3116; x_wconf 63' lang='lat'>¹</span> 
     </span>
    </p>
   </div>
   <div class='ocr_carea' id='block_1_9' title="bbox 151 3175 1169 3346">
    <p class='ocr_par' dir='ltr' id='par_1_9' title="bbox 151 3175 1169 3346">
     <span class='ocr_line' id='line_1_32' title="bbox 151 3175 1169 3259; baseline 0 -18"><span class='ocrx_word' id='word_1_250' title='bbox 151 3187 182 3241; x_wconf 90' lang='lat' dir='ltr'><strong>et</strong></span> <span class='ocrx_word' id='word_1_251' title='bbox 201 3181 364 3258; x_wconf 89' lang='lat' dir='ltr'><strong>manducat,</strong></span> <span class='ocrx_word' id='word_1_252' title='bbox 383 3181 545 3259; x_wconf 89' lang='lat' dir='ltr'><strong>gehennam</strong></span> <span class='ocrx_word' id='word_1_253' title='bbox 565 3181 619 3241; x_wconf 89' lang='lat' dir='ltr'><strong>sibi</strong></span> <span class='ocrx_word' id='word_1_254' title='bbox 640 3187 800 3256; x_wconf 86' lang='lat' dir='ltr'><strong>praeparat,</strong></span> <span class='ocrx_word' id='word_1_255' title='bbox 822 3186 852 3240; x_wconf 90' lang='lat' dir='ltr'><strong>et</strong></span> <span class='ocrx_word' id='word_1_256' title='bbox 870 3183 925 3240; x_wconf 91' lang='lat' dir='ltr'><strong>nisi</strong></span> <span class='ocrx_word' id='word_1_257' title='bbox 946 3180 985 3241; x_wconf 91' lang='lat' dir='ltr'><strong>de</strong></span> <span class='ocrx_word' id='word_1_258' title='bbox 1003 3187 1082 3241; x_wconf 73' lang='lat' dir='ltr'><strong>muta</strong></span> <span class='ocrx_word' id='word_1_259' title='bbox 1100 3175 1169 3254; x_wconf 69' lang='lat' dir='ltr'><strong>culpa</strong></span> 
     </span>
     <span class='ocr_line' id='line_1_33' title="bbox 151 3263 1117 3346; baseline -0.002 -19"><span class='ocrx_word' id='word_1_260' title='bbox 151 3269 305 3345; x_wconf 87' lang='lat' dir='ltr'><strong>poeniteat,</strong></span> <span class='ocrx_word' id='word_1_261' title='bbox 325 3272 382 3329; x_wconf 83' lang='lat' dir='ltr'><strong>erit</strong></span> <span class='ocrx_word' id='word_1_262' title='bbox 402 3272 435 3329; x_wconf 83' lang='lat' dir='ltr'><strong>tn</strong></span> <span class='ocrx_word' id='word_1_263' title='bbox 456 3267 684 3328; x_wconf 77' lang='lat' dir='ltr'><strong>emnbrnttonem</strong></span> <span class='ocrx_word' id='word_1_264' title='bbox 707 3274 736 3328; x_wconf 86' lang='lat' dir='ltr'><strong>et</strong></span> <span class='ocrx_word' id='word_1_265' title='bbox 756 3267 837 3328; x_wconf 79' lang='lat' dir='ltr'><strong>cidus</strong></span> <span class='ocrx_word' id='word_1_266' title='bbox 858 3270 935 3345; x_wconf 75' lang='lat' dir='ltr'><strong>ignis</strong></span> <span class='ocrx_word' id='word_1_267' title='bbox 956 3263 1117 3346; x_wconf 69' lang='lat' dir='ltr'><strong>eetani&#39;&#39;).</strong></span> 
     </span>
    </p>
   </div>
   <div class='ocr_carea' id='block_1_10' title="bbox 171 3568 1168 3916">
    <p class='ocr_par' dir='ltr' id='par_1_10' title="bbox 171 3568 1168 3916">
     <span class='ocr_line' id='line_1_34' title="bbox 171 3568 1168 3660; baseline -0.007 -33"><span class='ocrx_word' id='word_1_268' title='bbox 171 3573 202 3644; x_wconf 89' lang='lat' dir='ltr'><strong>i)</strong></span> <span class='ocrx_word' id='word_1_269' title='bbox 218 3573 356 3644; x_wconf 78' lang='lat' dir='ltr'><strong>pollutis</strong></span> <span class='ocrx_word' id='word_1_270' title='bbox 373 3571 423 3626; x_wconf 85' lang='lat' dir='ltr'><strong>add</strong></span> <span class='ocrx_word' id='word_1_271' title='bbox 440 3572 471 3626; x_wconf 90' lang='lat' dir='ltr'><strong>B.</strong></span> <span class='ocrx_word' id='word_1_272' title='bbox 485 3603 513 3616; x_wconf 94' lang='lat'><em>-</em></span> <span class='ocrx_word' id='word_1_273' title='bbox 529 3575 561 3643; x_wconf 83' lang='lat'><strong>2)</strong></span> <span class='ocrx_word' id='word_1_274' title='bbox 578 3577 692 3628; x_wconf 83' lang='lat' dir='ltr'><strong>nimirum</strong></span> <span class='ocrx_word' id='word_1_275' title='bbox 709 3575 776 3630; x_wconf 86' lang='lat' dir='ltr'><strong>idem</strong></span> <span class='ocrx_word' id='word_1_276' title='bbox 787 3573 1007 3660; x_wconf 56' lang='lat' dir='ltr'><strong>&#39;llreoderieaa—</strong></span> <span class='ocrx_word' id='word_1_277' title='bbox 1021 3576 1053 3644; x_wconf 85' lang='grc'><strong>3)</strong></span> <span class='ocrx_word' id='word_1_278' title='bbox 1064 3572 1105 3636; x_wconf 82' lang='lat' dir='ltr'><strong>BC</strong></span> <span class='ocrx_word' id='word_1_279' title='bbox 1118 3568 1168 3626; x_wconf 84' lang='lat' dir='ltr'><strong>tili.</strong></span> 
     </span>
     <span class='ocr_line' id='line_1_35' title="bbox 219 3637 1168 3794; baseline 0.002 -32"><span class='ocrx_word' id='word_1_280' title='bbox 219 3642 350 3794; x_wconf 54' lang='lat' dir='ltr'><strong>trini</strong></span> <span class='ocrx_word' id='word_1_281' title='bbox 367 3650 491 3762; x_wconf 59' lang='lat' dir='ltr'><strong>titii:</strong></span> <span class='ocrx_word' id='word_1_282' title='bbox 510 3637 1168 3788; x_wconf 58' lang='lat' dir='ltr'><strong>di·ictio{lilariensis</strong></span> 
     </span>
     <span class='ocr_line' id='line_1_36' title="bbox 201 3778 1166 3916; baseline -0.008 -83"><span class='ocrx_word' id='word_1_283' title='bbox 201 3778 462 3916; x_wconf 32' lang='lat' dir='ltr'><strong>&#39;Rpffiffit&#39;gss</strong></span> <span class='ocrx_word' id='word_1_284' title='bbox 477 3780 510 3850; x_wconf 83' lang='grc'><strong>9)</strong></span> <span class='ocrx_word' id='word_1_285' title='bbox 527 3779 615 3836; x_wconf 71' lang='lat' dir='ltr'><strong>acu?</strong></span> <span class='ocrx_word' id='word_1_286' title='bbox 638 3782 838 3838; x_wconf 83' lang='lat' dir='ltr'><strong>manducare.</strong></span> <span class='ocrx_word' id='word_1_287' title='bbox 861 3812 893 3826; x_wconf 93' lang='lat'><strong>·-</strong></span> <span class='ocrx_word' id='word_1_288' title='bbox 919 3783 1009 3854; x_wconf 82' lang='grc' dir='ltr'>10)Β</span> <span class='ocrx_word' id='word_1_289' title='bbox 1031 3781 1166 3838; x_wconf 77' lang='lat' dir='ltr'><strong>extiuetr.</strong></span> 
     </span>
    </p>
   </div>
   <div class='ocr_carea' id='block_1_11' title="bbox 0 0 1258 4254">
    <p class='ocr_par' dir='ltr' id='par_1_11' title="bbox 0 0 1258 4254">
     <span class='ocr_line' id='line_1_37' title="bbox 0 0 1258 4254; baseline 0 2"><span class='ocrx_word' id='word_1_290' title='bbox 0 0 1258 4254; x_wconf 95' lang='lat' dir='ltr'><strong> </strong></span> 
     </span>
    </p>
   </div>
  </div>
 </body>
</html>
