<?xml version="1.0" encoding="UTF-8"?>
<!DOCTYPE html PUBLIC "-//W3C//DTD XHTML 1.0 Transitional//EN"
    "http://www.w3.org/TR/xhtml1/DTD/xhtml1-transitional.dtd">
<html xmlns="http://www.w3.org/1999/xhtml" xml:lang="en" lang="en">
 <head>
  <title>
</title>
<meta http-equiv="Content-Type" content="text/html;charset=utf-8" />
  <meta name='ocr-system' content='tesseract 3.04.00' />
  <meta name='ocr-capabilities' content='ocr_page ocr_carea ocr_par ocr_line ocrx_word'/>
</head>
<body>
  <div class='ocr_page' id='page_1' title='image "./caesariiheister02stragoog_0077.png"; bbox 0 0 2608 4252; ppageno 0'>
   <div class='ocr_carea' id='block_1_1' title="bbox 177 281 905 345">
    <p class='ocr_par' dir='ltr' id='par_1_1' title="bbox 177 281 905 345">
     <span class='ocr_line' id='line_1_1' title="bbox 177 281 905 345; baseline 0.001 -4"><span class='ocrx_word' id='word_1_1' title='bbox 177 283 217 341; x_wconf 82' lang='lat'>66</span> <span class='ocrx_word' id='word_1_2' title='bbox 480 281 708 345; x_wconf 79' lang='lat' dir='ltr'>DISTINC&#39;I&#39;IO</span> <span class='ocrx_word' id='word_1_3' title='bbox 730 281 905 344; x_wconf 81' lang='lat' dir='ltr'>SEPTIMA</span> 
     </span>
    </p>
   </div>
   <div class='ocr_carea' id='block_1_2' title="bbox 169 405 1289 3069">
    <p class='ocr_par' dir='ltr' id='par_1_2' title="bbox 169 405 1289 3069">
     <span class='ocr_line' id='line_1_2' title="bbox 176 405 1210 482; baseline 0.001 -19"><span class='ocrx_word' id='word_1_4' title='bbox 176 420 297 464; x_wconf 87' lang='lat' dir='ltr'>coronae</span> <span class='ocrx_word' id='word_1_5' title='bbox 330 405 486 480; x_wconf 83' lang='lat' dir='ltr'>exprimere</span> <span class='ocrx_word' id='word_1_6' title='bbox 514 421 572 464; x_wconf 92' lang='lat' dir='ltr'>non</span> <span class='ocrx_word' id='word_1_7' title='bbox 600 411 728 480; x_wconf 88' lang='lat' dir='ltr'>poterat,</span> <span class='ocrx_word' id='word_1_8' title='bbox 755 411 857 482; x_wconf 82' lang='lat' dir='ltr'>utpote</span> <span class='ocrx_word' id='word_1_9' title='bbox 883 405 988 480; x_wconf 79' lang='lat' dir='ltr'>lucus,</span> <span class='ocrx_word' id='word_1_10' title='bbox 1018 406 1210 482; x_wconf 77' lang='lat' dir='ltr'>interrogatis</span> 
     </span>
     <span class='ocr_line' id='line_1_3' title="bbox 175 489 1211 568; baseline 0.003 -19"><span class='ocrx_word' id='word_1_11' title='bbox 175 489 211 549; x_wconf 89' lang='lat' dir='ltr'>dc</span> <span class='ocrx_word' id='word_1_12' title='bbox 232 489 289 550; x_wconf 91' lang='lat' dir='ltr'>hoc</span> <span class='ocrx_word' id='word_1_13' title='bbox 309 490 471 567; x_wconf 82' lang='lat' dir='ltr'><strong>respondit:</strong></span> <span class='ocrx_word' id='word_1_14' title='bbox 500 491 624 568; x_wconf 80' lang='lat' dir='ltr'><strong>Quando</strong></span> <span class='ocrx_word' id='word_1_15' title='bbox 644 494 792 552; x_wconf 82' lang='lat' dir='ltr'>nominata</span> <span class='ocrx_word' id='word_1_16' title='bbox 811 493 865 550; x_wconf 81' lang='lat' dir='ltr'>tuit</span> <span class='ocrx_word' id='word_1_17' title='bbox 883 491 985 552; x_wconf 88' lang='lat' dir='ltr'>Maria.</span> <span class='ocrx_word' id='word_1_18' title='bbox 1026 490 1099 551; x_wconf 81' lang='lat' dir='ltr'>Mox</span> <span class='ocrx_word' id='word_1_19' title='bbox 1119 492 1211 552; x_wconf 88' lang='lat' dir='ltr'>Priori</span> 
     </span>
     <span class='ocr_line' id='line_1_4' title="bbox 174 577 1211 653; baseline 0.002 -17"><span class='ocrx_word' id='word_1_20' title='bbox 174 580 311 653; x_wconf 87' lang='lat' dir='ltr'>occurrit,</span> <span class='ocrx_word' id='word_1_21' title='bbox 338 578 417 653; x_wconf 92' lang='lat' dir='ltr'>quod</span> <span class='ocrx_word' id='word_1_22' title='bbox 436 580 467 636; x_wconf 90' lang='lat' dir='ltr'>iu</span> <span class='ocrx_word' id='word_1_23' title='bbox 486 579 559 640; x_wconf 82' lang='lat' dir='ltr'>sesto</span> <span class='ocrx_word' id='word_1_24' title='bbox 582 579 784 638; x_wconf 78' lang='lat' dir='ltr'>consessorum</span> <span class='ocrx_word' id='word_1_25' title='bbox 803 578 934 640; x_wconf 75' lang='lat' dir='ltr'>Ecclesia</span> <span class='ocrx_word' id='word_1_26' title='bbox 956 577 1049 638; x_wconf 83' lang='lat' dir='ltr'>Credo</span> <span class='ocrx_word' id='word_1_27' title='bbox 1069 581 1102 637; x_wconf 90' lang='lat' dir='ltr'>iu</span> <span class='ocrx_word' id='word_1_28' title='bbox 1121 596 1211 638; x_wconf 90' lang='lat' dir='ltr'>unum</span> 
     </span>
     <span class='ocr_line' id='line_1_5' title="bbox 173 663 1211 741; baseline 0.001 -19"><span class='ocrx_word' id='word_1_29' title='bbox 173 663 279 740; x_wconf 88' lang='lat' dir='ltr'>Deum,</span> <span class='ocrx_word' id='word_1_30' title='bbox 300 664 395 726; x_wconf 85' lang='lat' dir='ltr'>dicere</span> <span class='ocrx_word' id='word_1_31' title='bbox 415 681 473 724; x_wconf 92' lang='lat' dir='ltr'>non</span> <span class='ocrx_word' id='word_1_32' title='bbox 494 667 683 725; x_wconf 85' lang='lat' dir='ltr'>consueverit</span> <span class='ocrx_word' id='word_1_33' title='bbox 723 666 899 741; x_wconf 88' lang='lat' dir='ltr'>Voeausque</span> <span class='ocrx_word' id='word_1_34' title='bbox 920 667 1029 725; x_wconf 89' lang='lat' dir='ltr'>socium</span> <span class='ocrx_word' id='word_1_35' title='bbox 1049 682 1137 727; x_wconf 91' lang='lat' dir='ltr'>suum</span> <span class='ocrx_word' id='word_1_36' title='bbox 1157 667 1211 726; x_wconf 88' lang='lat' dir='ltr'>ait:</span> 
     </span>
     <span class='ocr_line' id='line_1_6' title="bbox 172 749 1212 830; baseline 0.001 -18"><span class='ocrx_word' id='word_1_37' title='bbox 172 749 292 811; x_wconf 88' lang='lat' dir='ltr'>Dixistis</span> <span class='ocrx_word' id='word_1_38' title='bbox 311 768 366 812; x_wconf 88' lang='lat' dir='ltr'>vos</span> <span class='ocrx_word' id='word_1_39' title='bbox 382 754 499 810; x_wconf 88' lang='lat' dir='ltr'>missam</span> <span class='ocrx_word' id='word_1_40' title='bbox 518 753 549 810; x_wconf 89' lang='lat' dir='ltr'>in</span> <span class='ocrx_word' id='word_1_41' title='bbox 566 758 709 811; x_wconf 88' lang='lat' dir='ltr'>conventu</span> <span class='ocrx_word' id='word_1_42' title='bbox 728 753 759 810; x_wconf 90' lang='lat' dir='ltr'>in</span> <span class='ocrx_word' id='word_1_43' title='bbox 781 751 827 811; x_wconf 90' lang='lat' dir='ltr'>die</span> <span class='ocrx_word' id='word_1_44' title='bbox 840 755 933 812; x_wconf 89' lang='lat' dir='ltr'>sancti</span> <span class='ocrx_word' id='word_1_45' title='bbox 946 751 1112 828; x_wconf 84' lang='lat' dir='ltr'>Nyeholai‘?</span> <span class='ocrx_word' id='word_1_46' title='bbox 1143 751 1212 830; x_wconf 88' lang='lat' dir='ltr'>Ipse</span> 
     </span>
     <span class='ocr_line' id='line_1_7' title="bbox 173 831 1211 918; baseline 0.001 -22"><span class='ocrx_word' id='word_1_47' title='bbox 173 844 242 898; x_wconf 89' lang='lat' dir='ltr'>tunc</span> <span class='ocrx_word' id='word_1_48' title='bbox 263 838 342 898; x_wconf 92' lang='lat' dir='ltr'>domi</span> <span class='ocrx_word' id='word_1_49' title='bbox 360 855 419 897; x_wconf 92' lang='lat' dir='ltr'>uon</span> <span class='ocrx_word' id='word_1_50' title='bbox 438 838 532 898; x_wconf 82' lang='lat' dir='ltr'>lucrat</span> <span class='ocrx_word' id='word_1_51' title='bbox 546 831 572 918; x_wconf 91' lang='lat'>¹).</span> <span class='ocrx_word' id='word_1_52' title='bbox 613 838 817 914; x_wconf 85' lang='lat' dir='ltr'>Respondente</span> <span class='ocrx_word' id='word_1_53' title='bbox 837 839 903 914; x_wconf 95' lang='lat' dir='ltr'>illo,</span> <span class='ocrx_word' id='word_1_54' title='bbox 925 841 1027 916; x_wconf 82' lang='lat' dir='ltr'>etiam3</span> <span class='ocrx_word' id='word_1_55' title='bbox 1045 839 1211 899; x_wconf 86' lang='lat' dir='ltr'>subiunxit:</span> 
     </span>
     <span class='ocr_line' id='line_1_8' title="bbox 172 921 1289 1005; baseline 0.001 -20"><span class='ocrx_word' id='word_1_56' title='bbox 172 923 293 985; x_wconf 82' lang='lat' dir='ltr'>Dixistis</span> <span class='ocrx_word' id='word_1_57' title='bbox 306 925 399 984; x_wconf 84' lang='lat' dir='ltr'>Credo</span> <span class='ocrx_word' id='word_1_58' title='bbox 419 925 451 982; x_wconf 91' lang='lat' dir='ltr'>in</span> <span class='ocrx_word' id='word_1_59' title='bbox 465 941 554 984; x_wconf 91' lang='lat' dir='ltr'>uuum</span> <span class='ocrx_word' id='word_1_60' title='bbox 565 921 609 1005; x_wconf 76' lang='lat' dir='ltr'>²)‘l</span> <span class='ocrx_word' id='word_1_61' title='bbox 640 925 718 1000; x_wconf 85' lang='lat' dir='ltr'>Dixi,</span> <span class='ocrx_word' id='word_1_62' title='bbox 737 928 852 1001; x_wconf 84' lang='lat' dir='ltr'>inquit·</span> <span class='ocrx_word' id='word_1_63' title='bbox 878 926 918 984; x_wconf 87' lang='lat' dir='ltr'>Et</span> <span class='ocrx_word' id='word_1_64' title='bbox 931 925 1026 984; x_wconf 89' lang='lat' dir='ltr'>Prior:</span> <span class='ocrx_word' id='word_1_65' title='bbox 1044 925 1114 986; x_wconf 86' lang='lat' dir='ltr'>Non</span> <span class='ocrx_word' id='word_1_66' title='bbox 1134 931 1213 987; x_wconf 88' lang='lat' dir='ltr'>recte</span> <span class='ocrx_word' id='word_1_67' title='bbox 1282 926 1289 969; x_wconf 78' lang='lat' dir='ltr'>&#39;l</span> 
     </span>
     <span class='ocr_line' id='line_1_9' title="bbox 172 1011 1289 1087; baseline 0.004 -17"><span class='ocrx_word' id='word_1_68' title='bbox 172 1011 294 1086; x_wconf 88' lang='lat' dir='ltr'>lecistis,</span> <span class='ocrx_word' id='word_1_69' title='bbox 324 1013 479 1070; x_wconf 86' lang='lat' dir='ltr'>nonenim</span> <span class='ocrx_word' id='word_1_70' title='bbox 500 1011 658 1087; x_wconf 85' lang='lat' dir='ltr'>Apostolus</span> <span class='ocrx_word' id='word_1_71' title='bbox 679 1013 740 1070; x_wconf 83' lang='lat' dir='ltr'>fuit</span> <span class='ocrx_word' id='word_1_72' title='bbox 782 1011 831 1070; x_wconf 88' lang='lat' dir='ltr'>Ad</span> <span class='ocrx_word' id='word_1_73' title='bbox 853 1012 932 1087; x_wconf 93' lang='lat' dir='ltr'>quod</span> <span class='ocrx_word' id='word_1_74' title='bbox 952 1013 1073 1072; x_wconf 83' lang='lat' dir='ltr'>verbum</span> <span class='ocrx_word' id='word_1_75' title='bbox 1093 1012 1144 1072; x_wconf 92' lang='lat' dir='ltr'>ille</span> <span class='ocrx_word' id='word_1_76' title='bbox 1164 1031 1212 1074; x_wconf 90' lang='lat' dir='ltr'>re·</span> <span class='ocrx_word' id='word_1_77' title='bbox 1282 1030 1289 1056; x_wconf 29' lang='grc' dir='ltr'>’κ</span> 
     </span>
     <span class='ocr_line' id='line_1_10' title="bbox 171 1097 1289 1176; baseline 0.004 -20"><span class='ocrx_word' id='word_1_78' title='bbox 171 1097 302 1174; x_wconf 83' lang='lat' dir='ltr'>spondit:</span> <span class='ocrx_word' id='word_1_79' title='bbox 324 1097 407 1156; x_wconf 83' lang='lat' dir='ltr'>Certe</span> <span class='ocrx_word' id='word_1_80' title='bbox 429 1115 483 1174; x_wconf 87' lang='lat' dir='ltr'>ego</span> <span class='ocrx_word' id='word_1_81' title='bbox 498 1105 629 1159; x_wconf 85' lang='lat' dir='ltr'>sanctum</span> <span class='ocrx_word' id='word_1_82' title='bbox 642 1097 823 1176; x_wconf 86' lang='lat' dir='ltr'>Nycholaum</span> <span class='ocrx_word' id='word_1_83' title='bbox 837 1099 989 1174; x_wconf 90' lang='lat' dir='ltr'>aequalem</span> <span class='ocrx_word' id='word_1_84' title='bbox 1003 1099 1100 1160; x_wconf 90' lang='lat' dir='ltr'>habco</span> <span class='ocrx_word' id='word_1_85' title='bbox 1114 1100 1212 1160; x_wconf 90' lang='lat' dir='ltr'>multis</span> <span class='ocrx_word' id='word_1_86' title='bbox 1283 1107 1289 1168; x_wconf 63' lang='lat' dir='ltr'>i</span> 
     </span>
     <span class='ocr_line' id='line_1_11' title="bbox 172 1182 1289 1277; baseline 0.005 -35"><span class='ocrx_word' id='word_1_87' title='bbox 172 1184 329 1260; x_wconf 81' lang='lat' dir='ltr'>Apostolis.</span> <span class='ocrx_word' id='word_1_88' title='bbox 371 1184 477 1259; x_wconf 89' lang='lat' dir='ltr'>Sieque</span> <span class='ocrx_word' id='word_1_89' title='bbox 496 1185 580 1246; x_wconf 88' lang='lat' dir='ltr'>Prior</span> <span class='ocrx_word' id='word_1_90' title='bbox 611 1185 647 1244; x_wconf 93' lang='lat' dir='ltr'>de</span> <span class='ocrx_word' id='word_1_91' title='bbox 674 1187 785 1244; x_wconf 89' lang='lat' dir='ltr'>visione</span> <span class='ocrx_word' id='word_1_92' title='bbox 807 1186 978 1246; x_wconf 77' lang='lat' dir='ltr'>certificatus</span> <span class='ocrx_word' id='word_1_93' title='bbox 1000 1191 1052 1246; x_wconf 80' lang='lat' dir='ltr'>est.</span> <span class='ocrx_word' id='word_1_94' title='bbox 1094 1185 1212 1247; x_wconf 86' lang='lat' dir='ltr'>NOVI-</span> <span class='ocrx_word' id='word_1_95' title='bbox 1282 1182 1289 1277; x_wconf 64' lang='lat' dir='ltr'>j</span> 
     </span>
     <span class='ocr_line' id='line_1_12' title="bbox 173 1270 1289 1348; baseline 0.002 -18"><span class='ocrx_word' id='word_1_96' title='bbox 173 1270 274 1331; x_wconf 83' lang='lat' dir='ltr'>cIUS:</span> <span class='ocrx_word' id='word_1_97' title='bbox 296 1270 466 1348; x_wconf 86' lang='lat' dir='ltr'>Mysterium</span> <span class='ocrx_word' id='word_1_98' title='bbox 479 1274 597 1330; x_wconf 88' lang='lat' dir='ltr'>visionis</span> <span class='ocrx_word' id='word_1_99' title='bbox 608 1272 694 1332; x_wconf 92' lang='lat' dir='ltr'>huius</span> <span class='ocrx_word' id='word_1_100' title='bbox 706 1290 792 1332; x_wconf 91' lang='lat' dir='ltr'>nosse</span> <span class='ocrx_word' id='word_1_101' title='bbox 807 1272 946 1332; x_wconf 89' lang='lat' dir='ltr'>desidero.</span> <span class='ocrx_word' id='word_1_102' title='bbox 973 1271 1212 1334; x_wconf 83' lang='lat' dir='ltr'>MONACHUS:</span> <span class='ocrx_word' id='word_1_103' title='bbox 1285 1281 1289 1342; x_wconf 74' lang='lat' dir='ltr'>l</span> 
     </span>
     <span class='ocr_line' id='line_1_13' title="bbox 171 1351 1289 1438; baseline -0.001 -22"><span class='ocrx_word' id='word_1_104' title='bbox 171 1357 326 1434; x_wconf 89' lang='lat' dir='ltr'>Dyadema</span> <span class='ocrx_word' id='word_1_105' title='bbox 346 1360 456 1434; x_wconf 90' lang='lat' dir='ltr'>regium</span> <span class='ocrx_word' id='word_1_106' title='bbox 477 1358 590 1418; x_wconf 86' lang='lat' dir='ltr'>videtur</span> <span class='ocrx_word' id='word_1_107' title='bbox 614 1358 757 1418; x_wconf 88' lang='lat' dir='ltr'>hocloco</span> <span class='ocrx_word' id='word_1_108' title='bbox 778 1361 892 1436; x_wconf 85' lang='lat' dir='ltr'>signare</span> <span class='ocrx_word' id='word_1_109' title='bbox 903 1356 925 1438; x_wconf 80' lang='lat'>³)</span> <span class='ocrx_word' id='word_1_110' title='bbox 947 1376 1062 1420; x_wconf 87' lang='lat' dir='ltr'>carnem</span> <span class='ocrx_word' id='word_1_111' title='bbox 1083 1359 1213 1438; x_wconf 85' lang='lat' dir='ltr'>Virginis</span> <span class='ocrx_word' id='word_1_112' title='bbox 1284 1351 1289 1415; x_wconf 79' lang='lat' dir='ltr'>l</span> 
     </span>
     <span class='ocr_line' id='line_1_14' title="bbox 172 1443 1289 1526; baseline 0.004 -24"><span class='ocrx_word' id='word_1_113' title='bbox 172 1443 335 1520; x_wconf 85' lang='lat' dir='ltr'>gloriosam,</span> <span class='ocrx_word' id='word_1_114' title='bbox 356 1462 444 1520; x_wconf 88' lang='lat' dir='ltr'>quam</span> <span class='ocrx_word' id='word_1_115' title='bbox 465 1445 501 1504; x_wconf 96' lang='lat' dir='ltr'>de</span> <span class='ocrx_word' id='word_1_116' title='bbox 522 1447 631 1507; x_wconf 89' lang='lat' dir='ltr'>semine</span> <span class='ocrx_word' id='word_1_117' title='bbox 652 1448 738 1504; x_wconf 82' lang='lat' dir='ltr'>traxit</span> <span class='ocrx_word' id='word_1_118' title='bbox 758 1449 846 1522; x_wconf 88' lang='lat' dir='ltr'>regio.</span> <span class='ocrx_word' id='word_1_119' title='bbox 890 1446 1019 1507; x_wconf 86' lang='lat' dir='ltr'>Christus</span> <span class='ocrx_word' id='word_1_120' title='bbox 1033 1463 1104 1507; x_wconf 84' lang='lat' dir='ltr'>vero</span> <span class='ocrx_word' id='word_1_121' title='bbox 1128 1464 1213 1508; x_wconf 88' lang='lat' dir='ltr'>coro·</span> <span class='ocrx_word' id='word_1_122' title='bbox 1282 1453 1289 1526; x_wconf 70' lang='lat' dir='ltr'>,l</span> 
     </span>
     <span class='ocr_line' id='line_1_15' title="bbox 171 1533 1289 1614; baseline 0.006 -26"><span class='ocrx_word' id='word_1_123' title='bbox 171 1548 240 1589; x_wconf 90' lang='lat' dir='ltr'>nam</span> <span class='ocrx_word' id='word_1_124' title='bbox 266 1537 426 1592; x_wconf 78' lang='lat' dir='ltr'>maternam</span> <span class='ocrx_word' id='word_1_125' title='bbox 452 1534 539 1608; x_wconf 87' lang='lat' dir='ltr'>capiti</span> <span class='ocrx_word' id='word_1_126' title='bbox 557 1535 671 1608; x_wconf 90' lang='lat' dir='ltr'>proprio</span> <span class='ocrx_word' id='word_1_127' title='bbox 698 1534 848 1608; x_wconf 88' lang='lat' dir='ltr'>imposuit,</span> <span class='ocrx_word' id='word_1_128' title='bbox 879 1551 945 1594; x_wconf 89' lang='lat' dir='ltr'>cum</span> <span class='ocrx_word' id='word_1_129' title='bbox 972 1551 1025 1610; x_wconf 91' lang='lat' dir='ltr'>per</span> <span class='ocrx_word' id='word_1_130' title='bbox 1044 1551 1213 1594; x_wconf 86' lang='lat' dir='ltr'>sacramen·</span> <span class='ocrx_word' id='word_1_131' title='bbox 1284 1533 1289 1614; x_wconf 60' lang='lat' dir='ltr'>&#39;t</span> 
     </span>
     <span class='ocr_line' id='line_1_16' title="bbox 172 1619 1289 1698; baseline 0.004 -22"><span class='ocrx_word' id='word_1_132' title='bbox 172 1625 234 1676; x_wconf 80' lang='lat' dir='ltr'>urm</span> <span class='ocrx_word' id='word_1_133' title='bbox 258 1619 460 1678; x_wconf 82' lang='lat' dir='ltr'>iucarnationis</span> <span class='ocrx_word' id='word_1_134' title='bbox 487 1637 601 1679; x_wconf 89' lang='lat' dir='ltr'>carnem</span> <span class='ocrx_word' id='word_1_135' title='bbox 631 1619 667 1678; x_wconf 93' lang='lat' dir='ltr'>de</span> <span class='ocrx_word' id='word_1_136' title='bbox 686 1619 806 1698; x_wconf 75' lang='lat' dir='ltr'>Virgine</span> <span class='ocrx_word' id='word_1_137' title='bbox 827 1625 972 1696; x_wconf 88' lang='lat' dir='ltr'>sumptam</span> <span class='ocrx_word' id='word_1_138' title='bbox 1003 1637 1074 1680; x_wconf 90' lang='lat' dir='ltr'>suae</span> <span class='ocrx_word' id='word_1_139' title='bbox 1106 1621 1212 1681; x_wconf 86' lang='lat' dir='ltr'>diviui-</span> <span class='ocrx_word' id='word_1_140' title='bbox 1284 1623 1289 1664; x_wconf 72' lang='lat' dir='ltr'>l</span> 
     </span>
     <span class='ocr_line' id='line_1_17' title="bbox 172 1705 1212 1784; baseline 0.004 -22"><span class='ocrx_word' id='word_1_141' title='bbox 172 1707 225 1762; x_wconf 85' lang='lat' dir='ltr'>tati</span> <span class='ocrx_word' id='word_1_142' title='bbox 244 1707 345 1764; x_wconf 84' lang='lat' dir='ltr'>univit.</span> <span class='ocrx_word' id='word_1_143' title='bbox 386 1705 471 1766; x_wconf 82' lang='lat' dir='ltr'>Unde</span> <span class='ocrx_word' id='word_1_144' title='bbox 498 1706 538 1766; x_wconf 93' lang='lat' dir='ltr'>ad</span> <span class='ocrx_word' id='word_1_145' title='bbox 565 1707 821 1766; x_wconf 79' lang='lat' dir='ltr'>considerationem</span> <span class='ocrx_word' id='word_1_146' title='bbox 847 1709 920 1765; x_wconf 90' lang='lat' dir='ltr'>tanti</span> <span class='ocrx_word' id='word_1_147' title='bbox 940 1708 1069 1784; x_wconf 85' lang='lat' dir='ltr'>mysterii</span> <span class='ocrx_word' id='word_1_148' title='bbox 1089 1707 1212 1784; x_wconf 82' lang='lat' dir='ltr'>Spiritus</span> 
     </span>
     <span class='ocr_line' id='line_1_18' title="bbox 171 1792 1213 1869; baseline 0.003 -19"><span class='ocrx_word' id='word_1_149' title='bbox 171 1796 289 1851; x_wconf 87' lang='lat' dir='ltr'>sanctus</span> <span class='ocrx_word' id='word_1_150' title='bbox 309 1809 364 1851; x_wconf 93' lang='lat' dir='ltr'>nos</span> <span class='ocrx_word' id='word_1_151' title='bbox 376 1794 508 1868; x_wconf 84' lang='lat' dir='ltr'>invitans,</span> <span class='ocrx_word' id='word_1_152' title='bbox 530 1792 599 1853; x_wconf 84' lang='lat' dir='ltr'>dicit</span> <span class='ocrx_word' id='word_1_153' title='bbox 611 1795 647 1852; x_wconf 92' lang='lat' dir='ltr'>in</span> <span class='ocrx_word' id='word_1_154' title='bbox 665 1792 790 1852; x_wconf 80' lang='lat' dir='ltr'>Cantieis</span> <span class='ocrx_word' id='word_1_155' title='bbox 807 1793 1005 1852; x_wconf 83' lang='lat' dir='ltr'>Canticorum:</span> <span class='ocrx_word' id='word_1_156' title='bbox 1025 1793 1213 1869; x_wconf 79' lang='lat' dir='ltr'>Epreds‘mini</span> 
     </span>
     <span class='ocr_line' id='line_1_19' title="bbox 170 1877 1212 1956; baseline 0.004 -20"><span class='ocrx_word' id='word_1_157' title='bbox 170 1877 250 1954; x_wconf 75' lang='lat' dir='ltr'>filias</span> <span class='ocrx_word' id='word_1_158' title='bbox 267 1877 481 1956; x_wconf 73' lang='lat' dir='ltr'>Jerusalem),</span> <span class='ocrx_word' id='word_1_159' title='bbox 503 1886 532 1938; x_wconf 84' lang='lat' dir='ltr'>et</span> <span class='ocrx_word' id='word_1_160' title='bbox 551 1880 647 1938; x_wconf 77' lang='lat' dir='ltr'>videte</span> <span class='ocrx_word' id='word_1_161' title='bbox 666 1880 777 1955; x_wconf 73' lang='lat' dir='ltr'>Royan</span> <span class='ocrx_word' id='word_1_162' title='bbox 794 1879 992 1954; x_wconf 79' lang='lat' dir='ltr'>Salomonem,</span> <span class='ocrx_word' id='word_1_163' title='bbox 1013 1879 1044 1938; x_wconf 94' lang='lat' dir='ltr'>id</span> <span class='ocrx_word' id='word_1_164' title='bbox 1066 1887 1111 1940; x_wconf 86' lang='lat' dir='ltr'>est</span> <span class='ocrx_word' id='word_1_165' title='bbox 1127 1879 1212 1940; x_wconf 78' lang='lat' dir='ltr'>Chri-</span> 
     </span>
     <span class='ocr_line' id='line_1_20' title="bbox 172 1962 1213 2048; baseline 0.004 -24"><span class='ocrx_word' id='word_1_166' title='bbox 172 1970 249 2024; x_wconf 88' lang='lat' dir='ltr'>stum</span> <span class='ocrx_word' id='word_1_167' title='bbox 271 1982 371 2024; x_wconf 84' lang='lat' dir='ltr'>verum</span> <span class='ocrx_word' id='word_1_168' title='bbox 383 1964 544 2040; x_wconf 86' lang='lat' dir='ltr'>pacificum,</span> <span class='ocrx_word' id='word_1_169' title='bbox 564 1969 597 2024; x_wconf 85' lang='lat' dir='ltr'>in</span> <span class='ocrx_word' id='word_1_170' title='bbox 618 1966 801 2042; x_wconf 58' lang='lat' dir='ltr'>dyadenrale</span> <span class='ocrx_word' id='word_1_171' title='bbox 822 1966 940 2026; x_wconf 81' lang='lat' dir='ltr'>honest</span> <span class='ocrx_word' id='word_1_172' title='bbox 960 1967 990 2026; x_wconf 90' lang='lat' dir='ltr'>in</span> <span class='ocrx_word' id='word_1_173' title='bbox 1002 1962 1022 2048; x_wconf 81' lang='lat'>⁸)</span> <span class='ocrx_word' id='word_1_174' title='bbox 1046 1983 1134 2028; x_wconf 89' lang='lat' dir='ltr'>earne</span> <span class='ocrx_word' id='word_1_175' title='bbox 1154 1967 1213 2028; x_wconf 90' lang='lat' dir='ltr'>hu·</span> 
     </span>
     <span class='ocr_line' id='line_1_21' title="bbox 172 2052 1214 2130; baseline 0.004 -20"><span class='ocrx_word' id='word_1_176' title='bbox 172 2069 274 2126; x_wconf 89' lang='lat' dir='ltr'>mana,</span> <span class='ocrx_word' id='word_1_177' title='bbox 302 2069 362 2128; x_wconf 78' lang='lat' dir='ltr'>quo</span> <span class='ocrx_word' id='word_1_178' title='bbox 383 2056 539 2112; x_wconf 72' lang='lat' dir='ltr'>coronarit</span> <span class='ocrx_word' id='word_1_179' title='bbox 559 2071 627 2111; x_wconf 82' lang='lat' dir='ltr'>sum</span> <span class='ocrx_word' id='word_1_180' title='bbox 647 2060 745 2112; x_wconf 80' lang='lat' dir='ltr'>mater</span> <span class='ocrx_word' id='word_1_181' title='bbox 765 2071 838 2127; x_wconf 83' lang='lat' dir='ltr'>suo,</span> <span class='ocrx_word' id='word_1_182' title='bbox 860 2053 952 2130; x_wconf 86' lang='lat' dir='ltr'>Virgo</span> <span class='ocrx_word' id='word_1_183' title='bbox 972 2052 1083 2129; x_wconf 85' lang='lat' dir='ltr'>Maria,</span> <span class='ocrx_word' id='word_1_184' title='bbox 1112 2057 1146 2113; x_wconf 82' lang='lat' dir='ltr'>in</span> <span class='ocrx_word' id='word_1_185' title='bbox 1167 2055 1214 2114; x_wconf 81' lang='lat' dir='ltr'>die</span> 
     </span>
     <span class='ocr_line' id='line_1_22' title="bbox 173 2135 1212 2220; baseline 0.004 -22"><span class='ocrx_word' id='word_1_186' title='bbox 173 2139 405 2214; x_wconf 72' lang='lat' dir='ltr'>desponsationis</span> <span class='ocrx_word' id='word_1_187' title='bbox 421 2135 525 2218; x_wconf 64' lang='grc' dir='ltr'>εἰπε),</span> <span class='ocrx_word' id='word_1_188' title='bbox 550 2139 665 2214; x_wconf 87' lang='lat' dir='ltr'>quaudo</span> <span class='ocrx_word' id='word_1_189' title='bbox 679 2139 783 2217; x_wconf 87' lang='lat' dir='ltr'>angelo</span> <span class='ocrx_word' id='word_1_190' title='bbox 797 2135 988 2220; x_wconf 70' lang='lat' dir='ltr'>nuntianter),</span> <span class='ocrx_word' id='word_1_191' title='bbox 1008 2141 1039 2198; x_wconf 93' lang='lat' dir='ltr'>in</span> <span class='ocrx_word' id='word_1_192' title='bbox 1060 2141 1124 2200; x_wconf 93' lang='lat' dir='ltr'>eius</span> <span class='ocrx_word' id='word_1_193' title='bbox 1145 2148 1212 2202; x_wconf 89' lang='lat' dir='ltr'>ute-</span> 
     </span>
     <span class='ocr_line' id='line_1_23' title="bbox 172 2225 1212 2306; baseline 0.004 -23"><span class='ocrx_word' id='word_1_194' title='bbox 172 2241 205 2284; x_wconf 92' lang='lat' dir='ltr'>ro</span> <span class='ocrx_word' id='word_1_195' title='bbox 222 2225 365 2306; x_wconf 65' lang='lat' dir='ltr'>¹(coelestes</span> <span class='ocrx_word' id='word_1_196' title='bbox 386 2225 550 2285; x_wconf 88' lang='lat' dir='ltr'>celebratae</span> <span class='ocrx_word' id='word_1_197' title='bbox 575 2232 643 2285; x_wconf 91' lang='lat' dir='ltr'>sunt</span> <span class='ocrx_word' id='word_1_198' title='bbox 668 2229 786 2302; x_wconf 87' lang='lat' dir='ltr'>nuptiae</span> <span class='ocrx_word' id='word_1_199' title='bbox 813 2228 887 2285; x_wconf 88' lang='lat' dir='ltr'>inter</span> <span class='ocrx_word' id='word_1_200' title='bbox 914 2233 1046 2286; x_wconf 86' lang='lat' dir='ltr'>naturam</span> <span class='ocrx_word' id='word_1_201' title='bbox 1084 2227 1212 2290; x_wconf 83' lang='lat' dir='ltr'>divinam</span> 
     </span>
     <span class='ocr_line' id='line_1_24' title="bbox 173 2312 1213 2389; baseline 0.005 -18"><span class='ocrx_word' id='word_1_202' title='bbox 173 2319 203 2371; x_wconf 87' lang='lat' dir='ltr'>et</span> <span class='ocrx_word' id='word_1_203' title='bbox 222 2312 387 2372; x_wconf 89' lang='lat' dir='ltr'>humanam.</span> <span class='ocrx_word' id='word_1_204' title='bbox 429 2312 487 2372; x_wconf 93' lang='lat' dir='ltr'>Per</span> <span class='ocrx_word' id='word_1_205' title='bbox 507 2313 563 2373; x_wconf 92' lang='lat' dir='ltr'>hoc</span> <span class='ocrx_word' id='word_1_206' title='bbox 585 2319 682 2373; x_wconf 88' lang='lat' dir='ltr'>autem</span> <span class='ocrx_word' id='word_1_207' title='bbox 704 2313 782 2389; x_wconf 92' lang='lat' dir='ltr'>quod</span> <span class='ocrx_word' id='word_1_208' title='bbox 802 2313 841 2372; x_wconf 90' lang='lat' dir='ltr'>ad</span> <span class='ocrx_word' id='word_1_209' title='bbox 861 2312 911 2373; x_wconf 85' lang='lat' dir='ltr'>illa</span> <span class='ocrx_word' id='word_1_210' title='bbox 930 2314 1034 2373; x_wconf 86' lang='lat' dir='ltr'>verba:</span> <span class='ocrx_word' id='word_1_211' title='bbox 1058 2314 1102 2374; x_wconf 72' lang='lat' dir='ltr'>st</span> <span class='ocrx_word' id='word_1_212' title='bbox 1123 2316 1213 2376; x_wconf 79' lang='lat' dir='ltr'>honw</span> 
     </span>
     <span class='ocr_line' id='line_1_25' title="bbox 171 2397 1211 2476; baseline 0.003 -19"><span class='ocrx_word' id='word_1_213' title='bbox 171 2397 272 2475; x_wconf 76' lang='lat' dir='ltr'>factm</span> <span class='ocrx_word' id='word_1_214' title='bbox 293 2406 343 2472; x_wconf 83' lang='lat' dir='ltr'>cst,</span> <span class='ocrx_word' id='word_1_215' title='bbox 365 2415 502 2460; x_wconf 88' lang='lat' dir='ltr'>eoronam</span> <span class='ocrx_word' id='word_1_216' title='bbox 520 2406 651 2460; x_wconf 86' lang='lat' dir='ltr'>materno</span> <span class='ocrx_word' id='word_1_217' title='bbox 673 2402 759 2476; x_wconf 85' lang='lat' dir='ltr'>capiti</span> <span class='ocrx_word' id='word_1_218' title='bbox 778 2401 913 2475; x_wconf 88' lang='lat' dir='ltr'>reposuit,</span> <span class='ocrx_word' id='word_1_219' title='bbox 934 2399 1029 2460; x_wconf 87' lang='lat' dir='ltr'>dicere</span> <span class='ocrx_word' id='word_1_220' title='bbox 1041 2400 1211 2462; x_wconf 86' lang='lat' dir='ltr'>videbatur:</span> 
     </span>
     <span class='ocr_line' id='line_1_26' title="bbox 169 2483 1212 2563; baseline 0.005 -19"><span class='ocrx_word' id='word_1_221' title='bbox 169 2483 282 2560; x_wconf 88' lang='lat' dir='ltr'>Mater,</span> <span class='ocrx_word' id='word_1_222' title='bbox 310 2488 384 2546; x_wconf 89' lang='lat' dir='ltr'>sicut</span> <span class='ocrx_word' id='word_1_223' title='bbox 412 2503 467 2563; x_wconf 87' lang='lat' dir='ltr'>ego</span> <span class='ocrx_word' id='word_1_224' title='bbox 487 2503 540 2562; x_wconf 88' lang='lat' dir='ltr'>per</span> <span class='ocrx_word' id='word_1_225' title='bbox 559 2493 589 2546; x_wconf 90' lang='lat' dir='ltr'>te</span> <span class='ocrx_word' id='word_1_226' title='bbox 610 2489 753 2563; x_wconf 82' lang='lat' dir='ltr'>particeps</span> <span class='ocrx_word' id='word_1_227' title='bbox 772 2487 866 2546; x_wconf 85' lang='lat' dir='ltr'>laetus</span> <span class='ocrx_word' id='word_1_228' title='bbox 886 2504 952 2546; x_wconf 90' lang='lat' dir='ltr'>sum</span> <span class='ocrx_word' id='word_1_229' title='bbox 972 2485 1117 2547; x_wconf 87' lang='lat' dir='ltr'>humanae</span> <span class='ocrx_word' id='word_1_230' title='bbox 1139 2490 1212 2549; x_wconf 91' lang='lat' dir='ltr'>sub·</span> 
     </span>
     <span class='ocr_line' id='line_1_27' title="bbox 172 2574 1212 2650; baseline 0.004 -18"><span class='ocrx_word' id='word_1_231' title='bbox 172 2574 309 2648; x_wconf 86' lang='lat' dir='ltr'>stantiae,</span> <span class='ocrx_word' id='word_1_232' title='bbox 342 2575 383 2633; x_wconf 87' lang='lat' dir='ltr'>sic</span> <span class='ocrx_word' id='word_1_233' title='bbox 411 2579 444 2631; x_wconf 92' lang='lat' dir='ltr'>tu</span> <span class='ocrx_word' id='word_1_234' title='bbox 470 2591 523 2648; x_wconf 90' lang='lat' dir='ltr'>per</span> <span class='ocrx_word' id='word_1_235' title='bbox 550 2591 597 2632; x_wconf 91' lang='lat' dir='ltr'>me</span> <span class='ocrx_word' id='word_1_236' title='bbox 617 2575 761 2650; x_wconf 85' lang='lat' dir='ltr'>particeps</span> <span class='ocrx_word' id='word_1_237' title='bbox 788 2574 866 2633; x_wconf 84' lang='lat' dir='ltr'>faeta</span> <span class='ocrx_word' id='word_1_238' title='bbox 886 2590 918 2633; x_wconf 91' lang='lat' dir='ltr'>es</span> <span class='ocrx_word' id='word_1_239' title='bbox 945 2579 1065 2634; x_wconf 88' lang='lat' dir='ltr'>naturae</span> <span class='ocrx_word' id='word_1_240' title='bbox 1087 2575 1212 2636; x_wconf 83' lang='lat' dir='ltr'>divinae</span> 
     </span>
     <span class='ocr_line' id='line_1_28' title="bbox 174 2657 1212 2743; baseline 0 -23"><span class='ocrx_word' id='word_1_241' title='bbox 174 2657 278 2720; x_wconf 83' lang='lat' dir='ltr'>Christi</span> <span class='ocrx_word' id='word_1_242' title='bbox 297 2661 381 2734; x_wconf 88' lang='lat' dir='ltr'>euim,</span> <span class='ocrx_word' id='word_1_243' title='bbox 402 2661 451 2735; x_wconf 89' lang='lat' dir='ltr'>qui</span> <span class='ocrx_word' id='word_1_244' title='bbox 462 2659 545 2720; x_wconf 92' lang='lat' dir='ltr'>Deus</span> <span class='ocrx_word' id='word_1_245' title='bbox 559 2667 602 2720; x_wconf 88' lang='lat' dir='ltr'>est</span> <span class='ocrx_word' id='word_1_246' title='bbox 614 2667 643 2720; x_wconf 89' lang='lat' dir='ltr'>et</span> <span class='ocrx_word' id='word_1_247' title='bbox 655 2660 751 2736; x_wconf 89' lang='lat' dir='ltr'>homo,</span> <span class='ocrx_word' id='word_1_248' title='bbox 772 2677 876 2736; x_wconf 89' lang='lat' dir='ltr'>eorpus</span> <span class='ocrx_word' id='word_1_249' title='bbox 889 2677 989 2720; x_wconf 92' lang='lat' dir='ltr'>sumus</span> <span class='ocrx_word' id='word_1_250' title='bbox 999 2664 1030 2719; x_wconf 89' lang='lat' dir='ltr'>et</span> <span class='ocrx_word' id='word_1_251' title='bbox 1041 2661 1175 2722; x_wconf 85' lang='lat' dir='ltr'>membra</span> <span class='ocrx_word' id='word_1_252' title='bbox 1180 2659 1212 2743; x_wconf 77' lang='lat'>⁸).</span> 
     </span>
     <span class='ocr_line' id='line_1_29' title="bbox 172 2743 1212 2827; baseline 0.002 -20"><span class='ocrx_word' id='word_1_253' title='bbox 172 2745 255 2807; x_wconf 84' lang='lat' dir='ltr'>Haec</span> <span class='ocrx_word' id='word_1_254' title='bbox 286 2746 323 2808; x_wconf 85' lang='lat' dir='ltr'>de</span> <span class='ocrx_word' id='word_1_255' title='bbox 349 2747 542 2822; x_wconf 62' lang='lat' dir='ltr'>perfectorum</span> <span class='ocrx_word' id='word_1_256' title='bbox 569 2745 763 2807; x_wconf 89' lang='lat' dir='ltr'>consolatione</span> <span class='ocrx_word' id='word_1_257' title='bbox 792 2746 869 2806; x_wconf 89' lang='lat' dir='ltr'>dieta</span> <span class='ocrx_word' id='word_1_258' title='bbox 896 2743 985 2827; x_wconf 81' lang='lat' dir='ltr'>siut⁹)</span> <span class='ocrx_word' id='word_1_259' title='bbox 1016 2763 1069 2822; x_wconf 89' lang='lat' dir='ltr'>per</span> <span class='ocrx_word' id='word_1_260' title='bbox 1096 2765 1212 2808; x_wconf 85' lang='lat' dir='ltr'>sacram</span> 
     </span>
     <span class='ocr_line' id='line_1_30' title="bbox 172 2832 1212 2912; baseline 0.002 -18"><span class='ocrx_word' id='word_1_261' title='bbox 172 2836 235 2894; x_wconf 90' lang='lat' dir='ltr'>cius</span> <span class='ocrx_word' id='word_1_262' title='bbox 253 2835 417 2912; x_wconf 85' lang='lat' dir='ltr'>imaginem.</span> <span class='ocrx_word' id='word_1_263' title='bbox 457 2832 537 2892; x_wconf 89' lang='lat' dir='ltr'>Audi</span> <span class='ocrx_word' id='word_1_264' title='bbox 556 2850 633 2893; x_wconf 89' lang='lat' dir='ltr'>nunc</span> <span class='ocrx_word' id='word_1_265' title='bbox 654 2833 733 2892; x_wconf 90' lang='lat' dir='ltr'>aliud</span> <span class='ocrx_word' id='word_1_266' title='bbox 752 2851 845 2911; x_wconf 85' lang='lat' dir='ltr'>genus</span> <span class='ocrx_word' id='word_1_267' title='bbox 865 2833 1074 2909; x_wconf 89' lang='lat' dir='ltr'>consolationis,</span> <span class='ocrx_word' id='word_1_268' title='bbox 1096 2833 1134 2895; x_wconf 92' lang='lat' dir='ltr'>de</span> <span class='ocrx_word' id='word_1_269' title='bbox 1155 2835 1212 2896; x_wconf 88' lang='lat' dir='ltr'>hoe</span> 
     </span>
     <span class='ocr_line' id='line_1_31' title="bbox 173 2919 1258 3000; baseline 0.004 -22"><span class='ocrx_word' id='word_1_270' title='bbox 173 2920 251 2996; x_wconf 87' lang='lat' dir='ltr'>quod</span> <span class='ocrx_word' id='word_1_271' title='bbox 278 2923 309 2980; x_wconf 93' lang='lat' dir='ltr'>iu</span> <span class='ocrx_word' id='word_1_272' title='bbox 337 2920 452 2982; x_wconf 85' lang='lat' dir='ltr'>exordio</span> <span class='ocrx_word' id='word_1_273' title='bbox 480 2919 565 2979; x_wconf 91' lang='lat' dir='ltr'>huius</span> <span class='ocrx_word' id='word_1_274' title='bbox 585 2919 772 2982; x_wconf 88' lang='lat' dir='ltr'>distinctionis</span> <span class='ocrx_word' id='word_1_275' title='bbox 793 2919 901 2982; x_wconf 85' lang='lat' dir='ltr'>dictum</span> <span class='ocrx_word' id='word_1_276' title='bbox 928 2919 1097 2998; x_wconf 65' lang='lat' dir='ltr'>esnapud</span> <span class='ocrx_word' id='word_1_277' title='bbox 1118 2923 1211 3000; x_wconf 81' lang='lat' dir='ltr'>ipsam</span> <span class='ocrx_word' id='word_1_278' title='bbox 1256 2921 1258 2930; x_wconf 84' lang='lat'>&#39;</span> 
     </span>
     <span class='ocr_line' id='line_1_32' title="bbox 173 3007 628 3069; baseline 0 -2"><span class='ocrx_word' id='word_1_279' title='bbox 173 3023 236 3067; x_wconf 87' lang='lat' dir='ltr'>esse</span> <span class='ocrx_word' id='word_1_280' title='bbox 257 3007 411 3069; x_wconf 84' lang='lat' dir='ltr'>electuaria</span> <span class='ocrx_word' id='word_1_281' title='bbox 432 3007 628 3069; x_wconf 81' lang='lat' dir='ltr'>confortativa</span> 
     </span>
    </p>
   </div>
   <div class='ocr_carea' id='block_1_3' title="bbox 191 3435 1212 3931">
    <p class='ocr_par' dir='ltr' id='par_1_3' title="bbox 191 3435 1212 3931">
     <span class='ocr_line' id='line_1_33' title="bbox 191 3435 1210 3506; baseline -0.002 -16"><span class='ocrx_word' id='word_1_282' title='bbox 191 3437 223 3506; x_wconf 82' lang='lat'>1)</span> <span class='ocrx_word' id='word_1_283' title='bbox 245 3435 286 3489; x_wconf 76' lang='lat' dir='ltr'>cl&gt;</span> <span class='ocrx_word' id='word_1_284' title='bbox 310 3446 390 3490; x_wconf 84' lang='lat' dir='ltr'>erat</span> <span class='ocrx_word' id='word_1_285' title='bbox 415 3467 446 3480; x_wconf 93' lang='lat'><em>-</em></span> <span class='ocrx_word' id='word_1_286' title='bbox 470 3438 503 3506; x_wconf 86' lang='lat'>2)</span> <span class='ocrx_word' id='word_1_287' title='bbox 526 3437 569 3491; x_wconf 83' lang='lat' dir='ltr'>BD</span> <span class='ocrx_word' id='word_1_288' title='bbox 592 3455 685 3491; x_wconf 88' lang='lat' dir='ltr'>uuum</span> <span class='ocrx_word' id='word_1_289' title='bbox 708 3439 813 3492; x_wconf 82' lang='lat' dir='ltr'>Deum.</span> <span class='ocrx_word' id='word_1_290' title='bbox 832 3468 863 3478; x_wconf 92' lang='lat'><em>-</em></span> <span class='ocrx_word' id='word_1_291' title='bbox 888 3438 921 3506; x_wconf 83' lang='lat'>3)</span> <span class='ocrx_word' id='word_1_292' title='bbox 943 3435 1210 3506; x_wconf 72' lang='lat' dir='ltr'>tonna-legendum</span> 
     </span>
     <span class='ocr_line' id='line_1_34' title="bbox 240 3509 1211 3648; baseline -0.002 -14"><span class='ocrx_word' id='word_1_293' title='bbox 240 3511 1032 3648; x_wconf 51' lang='lat' dir='ltr'>insensatissimi-023tutissimi-a·</span> <span class='ocrx_word' id='word_1_294' title='bbox 1044 3509 1211 3632; x_wconf 70' lang='lat' dir='ltr'>liniti</span> 
     </span>
     <span class='ocr_line' id='line_1_35' title="bbox 242 3648 1211 3721; baseline -0.005 -14"><span class='ocrx_word' id='word_1_295' title='bbox 242 3684 274 3694; x_wconf 93' lang='lat'><em>-</em></span> <span class='ocrx_word' id='word_1_296' title='bbox 293 3653 326 3721; x_wconf 86' lang='lat'>6)</span> <span class='ocrx_word' id='word_1_297' title='bbox 343 3652 415 3705; x_wconf 84' lang='lat' dir='ltr'>Cant.</span> <span class='ocrx_word' id='word_1_298' title='bbox 434 3653 460 3718; x_wconf 82' lang='lat'>3,</span> <span class='ocrx_word' id='word_1_299' title='bbox 478 3652 520 3704; x_wconf 86' lang='grc'>11.</span> <span class='ocrx_word' id='word_1_300' title='bbox 534 3653 609 3720; x_wconf 81' lang='grc'>-7)</span> <span class='ocrx_word' id='word_1_301' title='bbox 627 3651 648 3704; x_wconf 83' lang='grc' dir='ltr'>Ι)</span> <span class='ocrx_word' id='word_1_302' title='bbox 666 3653 896 3704; x_wconf 83' lang='lat' dir='ltr'>annunciante.</span> <span class='ocrx_word' id='word_1_303' title='bbox 915 3679 946 3688; x_wconf 97' lang='lat'>-</span> <span class='ocrx_word' id='word_1_304' title='bbox 965 3649 998 3716; x_wconf 89' lang='grc'>8)</span> <span class='ocrx_word' id='word_1_305' title='bbox 1014 3649 1036 3701; x_wconf 80' lang='lat' dir='ltr'>G</span> <span class='ocrx_word' id='word_1_306' title='bbox 1052 3648 1211 3702; x_wconf 79' lang='lat' dir='ltr'>Christus</span> 
     </span>
     <span class='ocr_line' id='line_1_36' title="bbox 240 3716 1210 3790; baseline -0.006 -14"><span class='ocrx_word' id='word_1_307' title='bbox 240 3725 322 3776; x_wconf 90' lang='lat' dir='ltr'>enim</span> <span class='ocrx_word' id='word_1_308' title='bbox 334 3751 367 3762; x_wconf 90' lang='lat'><em>-</em></span> <span class='ocrx_word' id='word_1_309' title='bbox 379 3737 500 3790; x_wconf 87' lang='lat' dir='ltr'>corpus</span> <span class='ocrx_word' id='word_1_310' title='bbox 517 3737 607 3774; x_wconf 86' lang='lat' dir='ltr'>suum</span> <span class='ocrx_word' id='word_1_311' title='bbox 624 3730 656 3773; x_wconf 85' lang='lat' dir='ltr'>et</span> <span class='ocrx_word' id='word_1_312' title='bbox 672 3721 809 3774; x_wconf 86' lang='lat' dir='ltr'>membra</span> <span class='ocrx_word' id='word_1_313' title='bbox 826 3719 953 3783; x_wconf 83' lang='lat' dir='ltr'>accepit</span> <span class='ocrx_word' id='word_1_314' title='bbox 969 3717 1008 3768; x_wconf 82' lang='lat' dir='ltr'>dc</span> <span class='ocrx_word' id='word_1_315' title='bbox 1025 3716 1122 3770; x_wconf 82' lang='lat' dir='ltr'>beata</span> <span class='ocrx_word' id='word_1_316' title='bbox 1139 3717 1210 3770; x_wconf 85' lang='lat' dir='ltr'>Vir·</span> 
     </span>
     <span class='ocr_line' id='line_1_37' title="bbox 241 3784 1212 3864; baseline -0.004 -20"><span class='ocrx_word' id='word_1_317' title='bbox 241 3795 323 3864; x_wconf 82' lang='lat' dir='ltr'>gine.</span> <span class='ocrx_word' id='word_1_318' title='bbox 347 3791 443 3858; x_wconf 83' lang='lat' dir='ltr'>Ephes.</span> <span class='ocrx_word' id='word_1_319' title='bbox 459 3793 485 3854; x_wconf 90' lang='lat'>5,</span> <span class='ocrx_word' id='word_1_320' title='bbox 502 3791 546 3843; x_wconf 87' lang='grc'>30.</span> <span class='ocrx_word' id='word_1_321' title='bbox 571 3790 662 3842; x_wconf 89' lang='lat' dir='ltr'>llomil.</span> <span class='ocrx_word' id='word_1_322' title='bbox 679 3791 699 3843; x_wconf 92' lang='lat'>1.</span> <span class='ocrx_word' id='word_1_323' title='bbox 717 3807 743 3858; x_wconf 87' lang='lat' dir='ltr'>p.</span> <span class='ocrx_word' id='word_1_324' title='bbox 761 3791 808 3842; x_wconf 79' lang='lat' dir='ltr'>ot:</span> <span class='ocrx_word' id='word_1_325' title='bbox 827 3787 933 3852; x_wconf 82' lang='lat' dir='ltr'>,Factus</span> <span class='ocrx_word' id='word_1_326' title='bbox 944 3784 1098 3852; x_wconf 81' lang='lat' dir='ltr'>estplurrlis</span> <span class='ocrx_word' id='word_1_327' title='bbox 1109 3788 1212 3840; x_wconf 84' lang='lat' dir='ltr'>numeri</span> 
     </span>
     <span class='ocr_line' id='line_1_38' title="bbox 241 3853 1209 3931; baseline -0.008 -16"><span class='ocrx_word' id='word_1_328' title='bbox 241 3865 267 3915; x_wconf 91' lang='lat' dir='ltr'>in</span> <span class='ocrx_word' id='word_1_329' title='bbox 284 3869 420 3931; x_wconf 82' lang='lat' dir='ltr'>augmemo</span> <span class='ocrx_word' id='word_1_330' title='bbox 437 3861 551 3928; x_wconf 83' lang='lat' dir='ltr'>corporis</span> <span class='ocrx_word' id='word_1_331' title='bbox 568 3861 617 3925; x_wconf 79' lang='lat' dir='ltr'>sui,</span> <span class='ocrx_word' id='word_1_332' title='bbox 634 3858 702 3929; x_wconf 83' lang='lat' dir='ltr'>quod</span> <span class='ocrx_word' id='word_1_333' title='bbox 718 3867 759 3911; x_wconf 84' lang='lat' dir='ltr'>est</span> <span class='ocrx_word' id='word_1_334' title='bbox 774 3855 911 3910; x_wconf 68' lang='lat' dir='ltr'>Ecclesia-‘¹</span> <span class='ocrx_word' id='word_1_335' title='bbox 931 3881 962 3892; x_wconf 94' lang='lat'><em>-</em></span> <span class='ocrx_word' id='word_1_336' title='bbox 981 3853 1015 3920; x_wconf 83' lang='grc'>9)</span> <span class='ocrx_word' id='word_1_337' title='bbox 1031 3853 1097 3908; x_wconf 77' lang='grc' dir='ltr'>ΑῦΙ)</span> <span class='ocrx_word' id='word_1_338' title='bbox 1123 3865 1209 3910; x_wconf 83' lang='lat' dir='ltr'>suut.</span> 
     </span>
    </p>
   </div>
   <div class='ocr_carea' id='block_1_4' title="bbox 0 0 1308 4252">
    <p class='ocr_par' dir='ltr' id='par_1_4' title="bbox 0 0 1308 4252">
     <span class='ocr_line' id='line_1_39' title="bbox 0 0 1308 4252; baseline 0 0"><span class='ocrx_word' id='word_1_339' title='bbox 0 0 1308 4252; x_wconf 95' lang='lat' dir='ltr'> </span> 
     </span>
    </p>
   </div>
  </div>
 </body>
</html>
