2506 4254
409 247 464 306 DE
488 245 714 308 MIRACULIS.
765 195 771 224 δ
926 276 930 290 ·
1015 247 1072 310 241

60 378 173 446 tempore
203 375 236 429 ut
266 368 386 428 militem
419 387 503 429 suum
531 367 612 429 Deus
645 375 782 442 tentaret,
810 371 884 429 sIcut
914 369 1018 448 legitur
1039 369 1074 431 de

59 463 147 516 sancto
168 455 242 530 Job,
263 457 391 531 permisit
412 463 444 514 ut
465 457 567 516 domus
589 459 648 516 eius
670 455 799 515 lucendio
821 458 932 532 periret.
974 457 1074 518 Flam·

58 545 103 602 mis
122 560 189 602 vero
210 545 323 618 sopitis,
346 560 411 602 eum
433 546 529 602 omnia
550 559 624 618 quae
645 543 756 602 incendi
777 548 923 618 poterant,
944 547 973 604 in
995 547 1074 606 cine·

57 629 234 690 remluisscnt
254 629 378 703 redacta,
399 628 538 705 particula
558 632 646 690 vestis
667 632 728 690 eius
751 647 837 705 quam
859 648 928 690 crux
949 649 1075 708 occupa·

58 723 136 791 vest,
155 720 264 794 integra
284 717 357 776 inter
373 717 484 776 favillas
499 723 542 775 cst
562 724 683 792 reperta.
714 717 753 775 Et
766 718 859 776 mivati
879 724 946 776 sunt
967 735 1075 794 omnes,

56 807 154 872 tantam
185 809 301 863 sanctae
330 806 419 862 curuis
451 807 585 863 virtutem
619 805 725 879 ubique
760 803 920 863 dilatantes.
977 803 1074 866 Simile

57 890 213 950 miraculum
234 892 263 948 iu
286 889 341 949 alio
363 889 427 949 loco
450 893 581 968 contigit,
602 893 676 950 sicut
697 890 794 950 audivi
820 909 839 950 a
859 893 996 968 magistro
1017 891 1074 952 Jo-

56 976 139 1036 baune
158 977 279 1038 Decano
300 975 437 1052 Aquensi.

361 1147 592 1210 CAPITULUM
615 1151 765 1210 XXXIII.

87 1270 158 1330 Item
179 1272 214 1332 de
231 1287 324 1348 pomo
346 1271 503 1435 cotabaldo,
524 1260 720 1418 zougacvuc‘u‘
738 1291 816 1348 quoe
837 1274 1043 1350 ureumltpocu

464 1363 582 1418 auara·
625 1377 682 1418 ese.

109 1477 215 1540 Retulit
251 1479 320 1538 mibi
352 1486 381 1539 et
411 1479 489 1538 aliud
525 1479 561 1543 de
594 1483 699 1540 virtute
739 1482 831 1540 crucis
845 1476 863 1560 ¹)
898 1481 1075 1542 miraculum.

54 1561 190 1641 Matrona,
211 1568 317 1641 inquit,
339 1566 479 1642 quaedam
505 1583 618 1626 crucem
639 1573 803 1642 susceptam
824 1583 909 1643 pomo
933 1568 1075 1628 circumli-

54 1654 137 1726 gavit,
164 1656 263 1728 sioque
283 1669 370 1728 super
397 1647 522 1713 asserem
550 1657 630 1712 iuxta
662 1649 826 1733 piropum²)
857 1656 887 1712 in
916 1672 974 1730 quo
1002 1656 1093 1732 ignis·

54 1737 163 1798 ardebat
182 1746 335 1815 utrumque
357 1739 439 1798 simul
466 1757 575 1816 ponens
604 1741 737 1799 abcessit.
787 1740 880 1815 Casu,
907 1744 964 1800 imo
998 1741 1075 1817 quod

55 1828 138 1886 verius
159 1833 203 1886 est
222 1825 279 1886 Dei
299 1833 382 1900 nutu,
411 1843 529 1901 pomum
561 1845 627 1886 oum
648 1845 732 1887 cruce
752 1830 782 1886 ln
803 1829 942 1888 carbones
963 1829 1076 1904 lapsum

55 1917 98 1970 est.
137 1913 377 1972 Postmodieum‘
392 1913 497 1972 femina
517 1931 742 1993 reversa„cum
769 1917 924 1990 repositum
953 1933 1075 1991 quaere·

54 2003 90 2056 ret
108 2017 163 2059 nec
178 2002 325 2074 inveniret,
346 2002 431 2059 tristis
454 2000 489 2059 de
512 2018 607 2076 cruce,
628 2003 723 2078 ignem
743 2008 921 2077 perscrutata
943 2010 995 2061 est.
1037 2003 1074 2061 Et

55 2099 112 2144 ecce
132 2103 249 2162 pomum
271 2087 342 2148 vidit
361 2089 390 2144 in
411 2089 565 2147 carbonem
586 2088 747 2162 redactum,
778 2106 881 2148 zonam
902 2106 971 2166 vero
993 2090 1075 2149 leva·

55 2173 89 2228 vit
107 2175 249 2233 intactam.
293 2173 377 2250 Quod
398 2167 450 2248 p‘ro
471 2191 575 2250 magno
597 2175 734 2234 miraculo
755 2183 905 2250 reputans,
929 2176 1075 2251 praedicto

54 2255 169 2318 Iohanni
189 2262 327 2319 recitavit.
368 2259 569 2320 NOVICIUS:
592 2261 667 2320 Satis
688 2269 732 2328 est
752 2262 880 2322 mirabiIe
902 2262 980 2338 quod
999 2263 1076 2323 idem

54 2343 215 2406 elementum
237 2347 338 2406 eodem
358 2354 502 2407 momento
525 2350 565 2407 sic
586 2350 615 2407 in
636 2365 667 2408 re
696 2347 809 2409 diversa
834 2355 966 2408 naturam
993 2366 1076 2409 suam

54 2431 177 2513 mutat³).
219 2433 457 2494 MONAGHUS:
480 2434 545 2493 Hoc
567 2427 628 2494 fieri
646 2453 698 2512 pro
722 2436 884 2496 diversitate
902 2440 1076 2511 meritorum,

55 2519 217 2592 quibusdam
238 2522 291 2581 tibi
310 2522 434 2597 paridam
456 2521 601 2598 exemplis.

364 2711 595 2772 CAPITULUM
616 2711 764 2772 XXXIV.

57 2831 98 2890 De
117 2835 217 2893 clerico
239 2837 292 2910 qui
312 2852 333 2892 u
353 2838 502 2894 meretrice
523 2835 688 2911 infamatus
708 2834 875 2895 iaemcdium
903 2851 965 2892 non
985 2837 1079 2892 senat.

115 2954 265 3033 Gemngus
277 2953 472 3014 Scholasticus
489 2953 658 3028 Bonnensis,
678 2971 769 3032 nuper
790 2957 907 3015 veniens
928 2954 964 3015 de
986 2955 1079 3014 studio

57 3038 208 3118 Parisiemi,
229 3042 375 3102 historiam
397 3041 493 3101 retulit
515 3045 583 3102 satis
606 3043 771 3117 mirabilem,
792 3045 940 3102 recentiori
953 3049 1081 3119 tempore

57 3126 127 3187 illam
140 3145 269 3190 maerens
283 3135 402 3206 gestam.
433 3129 591 3203 Familiam,
612 3132 713 3204 inquit,
735 3129 883 3188 cuiusdam
904 3131 959 3188 viri
978 3130 1081 3190 uobibs
1160 3153 1164 3163 ι

58 3218 272 3292 aequepotentia
287 3216 323 3274 de
337 3216 466 3290 Francia,
482 3218 613 3275 meretrix
620 3210 642 3295 ⁴)
657 3217 788 3290 specIosa
801 3218 982 3292 sequebatur.
1010 3217 1082 3276 (iuro

59 3315 110 3374 oua
124 3319 186 3362 cum
196 3301 217 3382 ι)
232 3303 313 3360 multi
328 3302 517 3363 indifferenter
530 3311 689 3378 peccarent,
707 3302 825 3362 clericus
840 3303 956 3379 quidam
969 3304 1083 3382 religio·

59 3403 102 3446 sus
123 3389 365 3450 elusdemmobilis
386 3389 559 3466 capellanus,
582 3389 617 3449 de
639 3391 824 3449 subversione
840 3391 963 3451 familiae
977 3391 1084 3463 dolens,

61 3471 194 3536 domiuum
216 3477 261 3535 lris
282 3477 377 3536 verbIs
400 3476 541 3536 allocutus
563 3483 608 3535 est
629 3476 741 3536 dicens:
764 3475 863 3537 Omnis
886 3494 959 3554 pene
980 3476 1086 3536 familis

61 3569 147 3622 vestra
173 3565 326 3623 meretricis
361 3563 444 3622 huius
482 3559 697 3644 contubemio⁶l
726 3568 928 3641 corrumpitur,
963 3579 1084 3639 quonum

79 3677 205 3744 1)ΒῦοΡ
223 3687 354 3732 sauctae
372 3681 486 3732 crucis.
507 3709 535 3719 —
547 3679 579 3749 2)
593 3697 715 3804 pyropkps,
732 3680 818 3744 idest,
834 3681 916 3735 iocus.
934 3677 983 3731 Sed
999 3685 1087 3730 suctu
1189 3666 1194 3678 ’

122 3747 227 3802 tortasse
244 3751 344 3818 scripsit
365 3752 523 3816 pirogum.
544 3779 574 3790 -
594 3751 665 3818 3)ll
718 3751 864 3804 mutavit.
881 3779 909 3791 -
930 3750 962 3818 4)
981 3747 1021 3802 CF
1038 3746 1087 3799 add

124 3819 284 3886 quaedum.
303 3847 335 3858 —-
354 3820 386 3886 5)
405 3818 426 3871 B
444 3817 524 3873 dum.
543 3848 572 3858 -
593 3822 626 3888 o)
643 3820 664 3873 B
681 3821 867 3883 concubitu.

315 3893 357 3966 ll
