2524 4252
318 254 372 315 DE
392 253 575 316 PRAEMIO
597 254 862 317 MORTUORUM.
1041 255 1102 314 323
1216 279 1219 284 ·

86 377 115 438 de
136 376 182 438 iilo
209 383 411 438 resonuerunt:
440 377 632 452 Benevcniat,
665 378 836 438 beneveniat
871 375 980 436 anneus
1008 381 1105 436 noster

85 464 208 524 scultetus
229 459 264 524 de
285 464 436 540 Kolmcre3
464 464 552 541 frigus
574 470 625 540 est,
645 467 742 540 ignem
763 465 790 522 ci
812 465 959 538 copiosum
980 478 1104 538 praepa-

85 557 144 612 me.
182 551 228 611 Illi
247 569 400 628 personam
422 557 636 628 cognoscentes,
658 551 733 610 diem
755 549 904 610 ethoram
925 555 1105 625 notaverunt,

86 644 109 698 ct
132 655 194 698 eum
214 639 253 697 ad
273 641 388 714 propria
408 637 562 710 redissent,
591 637 713 697 cundem
735 635 886 696 scultetum
918 635 963 696 die
984 641 1013 696 et
1032 635 1105 696 hora
1173 633 1176 640 ’

86 723 174 784 eadem
195 725 359 786 defunctum
376 725 463 784 suisse
492 730 665 799 repererunt.
714 723 796 782 Tunc
822 725 1011 782 accersientes
1041 725 1102 782 eius

86 828 205 887 uxorem,
234 811 303 888 quid
324 811 466 872 audierint
477 807 494 891 ¹)
516 809 722 871 indicaverunt
765 809 877 886 Quibus
905 809 955 869 ills
982 825 1118 884 respon··

86 897 132 958 dit:
152 898 182 959 Si
198 901 240 959 sic
260 916 307 959 res
320 915 351 958 se
363 899 480 972 habent,
502 897 617 974 dignum
639 903 684 957 est
697 903 729 957 ut
742 897 780 955 illi
803 914 974 958 succurram.
1016 895 1104 955 Mox-

86 1001 134 1060 que
153 987 282 1046 omnibus
302 985 406 1045 relictis
426 983 491 1044 loca
509 978 636 1043 circuivit
658 989 836 1059 sanctorum,
860 983 1048 1061 eleemosynis
1076 987 1105 1042 ct

86 1073 247 1133 orationibus
268 1089 320 1150 pro
342 1074 437 1152 anima
457 1071 532 1130 illius
553 1071 618 1130 Deo
640 1069 837 1146 supplicando.

422 1259 654 1321 CAPITULUM
673 1259 757 1321 VIII.

120 1385 191 1444 Item
212 1385 248 1444 de
269 1385 391 1444 sculteto
412 1383 448 1442 de
470 1382 633 1458 Lepgenteh
655 1384 707 1457 qui
727 1384 760 1442 te
781 1383 905 1442 eundem
926 1390 1055 1442 montem

501 1473 606 1528 missua
627 1475 676 1528 est.
992 1471 996 1478 '

141 1590 203 1652 Alio
232 1598 360 1667 tempore
389 1589 506 1666 quidam
525 1589 696 1665 Flammingi
724 1605 791 1648 eum
823 1605 901 1649 mare
936 1591 1104 1664 transirent,

83 1675 115 1736 de
135 1679 231 1738 eodem
247 1685 342 1738 monte
356 1678 488 1738 Vulcano
510 1694 612 1737 vocem
633 1676 796 1736 huiusmodi
817 1675 982 1735 audieruntz
1003 1677 1104 1736 Bonus

82 1766 182 1826 amicus
198 1771 295 1824 noster
311 1765 465 1842 Sywardus
486 1764 533 1824 hio
542 1761 563 1844 ²)
585 1765 671 1838 venit,
694 1765 829 1838 suscipite
851 1761 945 1838 illum,
967 1765 1017 1838 qui
1039 1780 1114 1828 cum,

80 1851 164 1910 multo
185 1853 304 1912 stridore
324 1853 428 1910 missus
450 1854 532 1911 estin
554 1849 726 1911 Vulcanum.
769 1849 842 1908 Nam
866 1851 976 1924 etipse
997 1849 1104 1909 sculte-

80 1945 125 1996 tus
143 1937 231 1999 iuerat
243 1942 272 1997 in
290 1937 462 2015 Leggenieh.
505 1937 551 1996 liii
571 1943 704 1996 notantes
726 1942 838 2012 tempus
861 1944 889 1996 et
911 1953 1015 1998 nomen
1036 1953 1104 2013 per·

80 2028 297 2100 concatenari
318 2025 603 2085 villemiamdictem
624 2017 809 2098 intraverunt,
831 2030 859 2083 et
881 2041 947 2083 eum
969 2023 1004 2084 de
1026 2023 1105 2084 scul-

80 2117 136 2170 teto
156 2115 327 2188 requirerent
336 2090 372 2192 ὃ),
395 2129 460 2170 enm
483 2111 583 2172 cadem
607 2110 651 2170 dic
674 2118 703 2170 et
722 2110 794 2170 hora
816 2128 874 2186 qua
895 2127 997 2170 vocem
1018 2111 1103 2170 audi-

80 2205 157 2256 emnt
175 2202 204 2256 in
225 2201 310 2274 mari,
339 2198 433 2258 obisse
453 2204 627 2274 repererunt
669 2197 743 2257 Nam
765 2203 794 2256 ct
813 2200 874 2274 ipsc
893 2197 982 2259 homo
1010 2199 1103 2275 pessi-

78 2301 139 2344 mus
159 2291 226 2361 erat,
247 2288 321 2346 sicut
341 2287 477 2361 superior.
752 2297 755 2302 ¹

434 2473 667 2536 oAPITULUM
687 2475 743 2534 IX.

116 2597 188 2656 Item
210 2597 246 2656 de
266 2597 411 2656 Brunoce
432 2596 468 2655 de
489 2595 596 2655 Ftitert
617 2599 669 2671 qui
690 2600 723 2656 irc
744 2595 867 2655 eundem
892 2597 1059 2656 Volcanum

472 2686 621 2758 proiectus
643 2689 691 2742 eat.

137 2803 233 2864 Simile
255 2801 396 2879 estquod
417 2805 553 2879 sequitur.
596 2802 669 2863 Cum
689 2810 817 2880 tempore
845 2800 971 2878 quodam
993 2800 1103 2862 Conra-

78 2887 128 2950 dus
147 2890 279 2952 sacerdos
302 2890 337 2950 de
358 2889 494 2950 Rinkasle
516 2907 581 2950 oum
602 2889 665 2950 aliis
685 2893 847 2966 provinciae
875 2895 990 2950 nostrae
1018 2907 1103 2966 pere·
1184 2961 1187 2971 y

77 2979 159 3050 grinis
179 2995 259 3037 mare
280 2979 426 3052 transiret,
455 2983 521 3037 ante
544 2976 739 3054 saepedictum
760 2976 937 3051 Vulcanum,
951 2993 1016 3036 -vox
1037 2977 1103 3037 talis

76 3063 103 3120 in
125 3081 157 3124 eo
178 3065 278 3126 audito
298 3071 354 3125 est:
375 3063 432 3123 Hie
453 3067 532 3124 venit
551 3065 651 3124 Bruno
672 3063 708 3124 de
728 3063 835 3138 Fiitirt,
857 3066 991 3140 suscipite
1013 3063 1102 3124 illum.

79 3148 155 3225 Quae
175 3168 233 3212 vox
256 3169 322 3210 cum
343 3150 381 3210 ab
404 3151 535 3210 omnibus
555 3151 655 3211 fuisset
675 3150 788 3226 audita,
809 3153 850 3210 ait
869 3150 1032 3226 praedictus
1052 3170 1104 3213 sa-

79 3238 172 3299 cerdos
194 3238 395 3299 confratribus:
424 3236 525 3298 Testes
546 3241 613 3298 estis
635 3255 687 3298 vos
709 3254 808 3297 omnes
836 3237 921 3297 huius
949 3241 1044 3314 vocis3
1074 3245 1104 3298 et

78 3323 167 3386 statim
187 3327 300 3385 notavit
319 3327 348 3384 in
376 3321 509 3405 abenas)
537 3327 577 3385 cis
605 3325 800 3401 praesentibus
828 3323 903 3384 diem
932 3331 961 3384 ct
987 3325 1104 3398 horam,

79 3407 185 3472 dimus:
205 3413 321 3472 Revera
334 3411 574 3472 dominusBruno
596 3417 724 3472 mortuus
747 3419 798 3470 cst.
842 3411 914 3470 Cum
934 3429 1004 3472 vero
1025 3410 1102 3470 redi-

79 3505 138 3558 rent
170 3517 189 3560 a
216 3499 414 3576 Jerosolyma,
444 3499 546 3559 obvios
571 3497 733 3560 habuerunt
760 3498 900 3574 quosdam
937 3499 1102 3575 peregrinos

80 3587 235 3656 provinciae
269 3603 348 3646 suae.
398 3585 479 3662 Quos
516 3601 582 3646 cum
621 3585 880 3662 adinterrogassent
895 3581 915 3665 ⁶)
951 3584 987 3643 de
1025 3588 1102 3642 statu

97 3751 126 3820 1)
142 3753 203 3808 BGF
220 3753 405 3807 audierunt.
425 3783 455 3796 —
469 3753 501 3822 2)
519 3751 561 3806 OD
578 3753 735 3821 huc.-·-3)
753 3753 772 3804 G
790 3752 1004 3820 inquirerent.
1024 3781 1053 3792 -
1069 3753 1101 3822 4)

143 3821 580 3893 censueramus-emuna
601 3824 890 3890 interrogassent.

781 4103 785 4108 ’
839 4129 851 4160 t
