2512 4254
345 281 400 342 on
425 279 608 361 conromr
630 280 797 344 cflnrsnr.
1026 279 1088 342 sss

439 489 671 553 eremmon
691 467 716 552 1'.

62 631 110 691 De
126 637 308 694 reuomente
335 634 466 708 coponis
495 639 522 691 ei
550 630 842 708 conparauerunt.
884 629 1090 706 Interropotio

63 718 131 796 pud
147 722 183 782 nt
202 726 431 793 annuntiatum,
453 737 530 794 quoa
550 738 597 778 nes
619 721 805 791 radamanti,
828 735 906 794 quoe
927 733 1020 778 cotun
1039 719 1090 780 in·

151 807 325 880 sunnone,
347 824 424 882 quos
442 805 560 882 forma,
582 808 647 882 puis
667 806 774 868 arodus
796 806 993 868 convatiottt't

451 893 497 953 ael
518 896 700 968 montione.

122 1027 320 1092 UNIVERSA
340 1029 486 1092 Ecclesiae
507 1037 700 1108 sacramenta,
733 1031 859 1107 corporis
888 1035 917 1089 ct
943 1027 1091 1105 sanguinis

65 1115 161 1176 Christi
180 1125 389 1177 sacramentum
411 1117 564 1194 praecellit
606 1119 641 1178 In
661 1122 725 1196 ipso
745 1121 801 1193 via,
822 1119 944 1191 veritas,
971 1120 1000 1174 et
1021 1116 1090 1174 vita.

63 1203 131 1280 Via,
151 1207 216 1280 qnia
237 1204 322 1282 digne
351 1205 519 1266 accedentes
543 1205 621 1265 ducit
641 1206 679 1264 ad
700 1205 805 1266 Deum.
848 1202 931 1266 Unde
954 1202 1090 1268 etrviati-

65 1307 125 1350 cum
158 1290 266 1352 dicittrr'.
314 1291 444 1366 Veritas,
484 1295 552 1370 qnia
586 1292 701 1352 edentes
714 1289 737 1372 ¹)‘
768 1291 880 1351 Christo
919 1292 1090 1366 incorporat.

64 1375 141 1438 Unda
162 1387 189 1438 et
212 1395 295 1438 sacra
316 1382 477 1440 communio
498 1385 628 1440 vocatur.
670 1379 747 1454 Vita,
769 1381 837 1454 quia
859 1377 971 1437 Christo
992 1378 1090 1435 incor-

65 1467 216 1540 poratosin
229 1467 326 1524 anima
339 1469 411 1526 mori
430 1483 488 1526 non
501 1469 576 1526 sinit.
607 1465 691 1527 Unde
707 1474 734 1527 et
749 1465 920 1526 eucharistia
927 1460 959 1544 ²).
979 1461 1090 1540 dicitur,

65 1549 94 1609 id
114 1557 154 1610 est
172 1553 249 1612 bona
270 1555 370 1629 gratia
412 1552 458 1612 De
479 1556 570 1630 primo
592 1553 725 1614 Salvator
746 1554 828 1614 dicite
855 1551 922 1626 Epo
943 1568 1010 1608 sunt
1026 1567 1090 1626 pa-

66 1641 215 1713 obvious,
238 1643 290 1716 qui
311 1639 346 1698 ds
368 1641 447 1698 cocio
468 1641 608 1700 descendi.
657 1639 734 1700 Ecce
754 1642 811 1698 via
865 1638 923 1715 Qui
944 1635 1093 1696 descendit

68 1723 122 1798 ipse
143 1731 185 1784 est
205 1731 234 1785 ct
256 1727 305 1802 qul
325 1727 461 1802 ascendit,
483 1745 583 1788 secum
604 1726 711 1788 ducens
733 1728 828 1786 omnia
850 1742 903 1786 sua
924 1718 1092 1804 memorat),

68 1809 121 1870 aha
142 1814 170 1870 in
189 1829 229 1890 re,
251 1812 308 1874 alia
325 1830 394 1872 vero
416 1816 445 1872 in
467 1832 527 1891 sps.
569 1814 615 1874 De
637 1813 762 1874 secundo
784 1807 881 1891 itemt)
904 1810 987 1870 dicit:
1010 1808 1091 1868 Caro

68 1913 128 1956 tneo
146 1915 212 1958 uere
234 1905 276 1958 est
296 1899 385 1975 cibus,
407 1908 435 1960 ct
455 1904 576 1977 sanquis
597 1919 679 1960 mnas
700 1919 768 1960 vere
783 1907 875 1978 potus
897 1893 978 1970 coit).
1013 1894 1092 1958 Ecce
1147 1907 1149 1912 '

69 1985 171 2044 r'eritas.
212 1983 264 2044 Ait
286 1993 315 2045 et
336 1987 371 2045 de
392 1990 491 2048 tertio:
515 1989 574 2066 Qui
594 1988 758 2047 manducat
770 2004 882 2064 ponem
903 1985 990 2058 bunc,
1012 1987 1091 2043 vinei

69 2071 98 2128 in
117 2079 264 2133 munium
272 2069 305 2151 ⁶).
346 2071 424 2134 Ecce
445 2076 513 2134 vita.
556 2075 653 2136 Simile
668 2074 808 2151 intelligas
830 2073 865 2133 dc
888 2071 985 2132 calice.
1027 2069 1090 2131 Nec

69 2157 168 2236 absque
201 2163 337 2236 mysterio
373 2159 408 2221 de
444 2179 562 2239 corpora
596 2169 624 2221 et
657 2164 796 2239 sanguine
826 2159 931 2220 Christi
956 2159 987 2216 in
1013 2173 1092 2218 nona

69 2243 236 2308 distortione
256 2247 438 2308 tractandum
459 2252 602 2326 suspicor3
632 2252 700 2326 quia
724 2265 876 2310 numerum
904 2245 1091 2304 novenarium

69 2329 243 2409 philosophus
266 2338 476 2395 exterminatori
498 2339 639 2412 omnium,
667 2335 696 2394 id
719 2343 762 2396 est
783 2336 867 2394 morti
887 2327 1045 2408 assignavit
1053 2325 1090 2412 1);

70 2423 96 2475 et
114 2418 234 2480 Christus
257 2423 306 2497 qui
328 2429 371 2482 est
391 2425 452 2482 vita
473 2427 607 2499 omnium,
628 2440 705 2483 nona
725 2423 797 2483 hora
819 2421 875 2482 diei
895 2423 925 2479 in
939 2435 1023 2478 cruca
1035 2434 1089 2478 ex-

69 2505 183 2580 spiravit.
204 2507 440 2568 ·Sacramentnm
468 2509 523 2570 hoc
555 2511 601 2569 fit*
615 2513 644 2568 in
667 2510 965 2570 commemorationem
985 2504 1091 2564 Domi·

69 2593 142 2652 nicae
170 2597 276 2654 mortis.
324 2595 407 2656 Unde
429 2595 585 2678 Apostolus
606 2599 635 2656 in
661 2601 753 2674 prima
774 2594 905 2673 Epistola
925 2591 1091 2654 Tessaloni·

70 2677 215 2761 censibust)
237 2682 335 2742 scribit
352 2683 461 2743 dicens:
485 2686 740 2763 Quotienscunque
753 2681 970 2742 manducabitis
979 2695 1091 2754 panem

70 2763 147 2840 bunc,
174 2776 201 2828 et
228 2770 347 2829 calicem
374 2769 487 2844 bibetis,
516 2779 640 2831 mortem
662 2773 785 2832 Domini
807 2765 1038 2837 annunciabitis,
1060 2761 1091 2822 id

71 2855 110 2909 est
127 2857 380 2932 repraesentabitis,
402 2858 492 2917 donec
513 2862 612 2918 ueniat
620 2855 653 2934 ⁹),
675 2857 713 2917 ad
734 2857 870 2918 indicium
886 2855 1003 2914 scilicet.
1045 2848 1092 2910 Ita

70 2935 156 3013 glosm
176 2945 299 3020 exponit.
319 2942 486 3020 Apparente
500 2962 534 3004 eo
556 2943 698 3022 ingloria,
720 2945 844 3006 cessabit
864 2941 964 3020 figura.
986 2935 1092 2998 Omnia

72 3039 137 3098 quae
149 3030 177 3087 in
191 3031 383 3106 superioribus
396 3032 621 3092 distinctionibus
644 3032 720 3092 dicta
741 3037 815 3104 sunt,
836 3029 945 3090 scilicet
966 3026 1002 3085 dc
1020 3041 1091 3085 con·
1124 3071 1126 3078 .

71 3115 194 3191 versione,
210 3113 244 3176 de
256 3119 432 3193 contritione,
445 3117 481 3180 de
494 3120 677 3193 confessione,
692 3118 883 3178 satisfactione
896 3111 927 3198 ¹⁰)
942 3122 971 3178 et
981 3111 1091 3187 simpli-

72 3199 153 3276 clun,
163 3203 303 3280 quaedam
314 3211 381 3264 sunt
389 3213 625 3282 praeparamenta
635 3202 673 3265 ad
683 3205 738 3265 hoc
749 3210 967 3264 sacramentum.
987 3197 1092 3262 Nullae

71 3287 145 3350 eliam
159 3291 280 3351 visiones
294 3293 386 3369 magis
401 3290 487 3351 tidem
500 3295 643 3368 roborant,
665 3310 752 3369 quam
774 3309 840 3352 cum
857 3309 923 3352 sum
937 3304 1023 3366 quem
1036 3289 1091 3347 sub

70 3377 153 3448 specio
165 3379 246 3453 panis
268 3383 298 3437 st
314 3380 374 3437 vini
386 3379 474 3439 latarc
497 3380 645 3455 credimus,
666 3379 756 3440 oculis
777 3380 920 3458 corporcis
940 3379 1091 3437 intuemur.

86 3507 112 3575 l]
128 3507 147 3562 C
163 3508 259 3580 digna
277 3511 423 3565 edentes.
436 3512 618 3582 -tjoodtcss
636 3513 842 3567 eucharistia
860 3522 886 3566 et
903 3511 1090 3565 eukaristia.

130 3592 161 3618 -‘
178 3581 209 3649 3)
226 3579 294 3634 Bon
316 3582 455 3636 membra
480 3600 543 3636 sua.
562 3613 595 3622 -
617 3583 651 3652 4)
668 3583 712 3638 BC
736 3583 877 3638 11111111-
897 3581 1013 3651 5JBclt
1039 3589 1091 3632 est

128 3657 230 3716 potus.
250 3679 281 3690 -
301 3653 333 3720 6)
354 3651 444 3705 lohan.
463 3655 494 3716 6,
511 3653 553 3705 51.
577 3655 619 3705 56.
643 3655 684 3706 59.
710 3683 741 3694 -
760 3654 792 3720 7)
814 3651 903 3705 llornil.
928 3651 967 3702 111.
992 3667 1017 3718 p.
1041 3649 1089 3701 ets

127 3717 309 3788 „Novenarium
319 3723 504 3776 exterminatori
514 3723 623 3776 omniurn
635 3739 718 3776 rerum
731 3720 873 3792 philosophi
884 3715 1090 3774 detruserunt!

129 3791 200 3910 sud)
218 3789 239 3842 0
257 3791 294 3842 ad
312 3789 582 3846 Chorinthcos.-
602 3793 701 3862 9)Cor.
715 3793 738 3858 l,
758 3791 804 3858 ll,
821 3793 905 3846 26.-
925 3789 1005 3859 lOJB
1022 3798 1091 3840 terr·

179 3875 260 3912 rone.
