2524 4252
180 237 242 298 352
448 233 677 300 DISTINO'PIO
702 234 944 302 DUODEOIMA

518 425 751 488 CAPITULUM
770 425 881 486 XLIV.

244 547 292 608 Dc
311 547 410 623 prorsa
430 549 661 608 sanctimonialis
683 566 761 624 quoe
781 549 937 608 Aczclinoc
958 551 1097 624 apponm
1114 550 1143 606 in

333 635 461 710 sphaera
481 639 580 714 ipsso,
603 642 631 695 ci
654 636 689 694 dc
712 639 813 694 tunica
834 638 930 695 sancti
949 634 1061 694 David.

244 753 328 813 Haec
349 752 487 815 Aczclina
514 755 643 816 habebat
672 756 817 832 quandam
838 773 964 816 sororem
986 753 1150 833 spiritualem
1172 753 1194 810 iu

181 843 411 918 congregatione,
425 845 509 902 unice
532 843 676 904 dilectam.
719 843 802 919 Quae
817 848 882 903 cu'm
904 845 1042 902 moritura
1062 847 1138 915 esset,
1155 855 1194 897 ro·

179 935 248 1005 gata
277 934 320 987 est
348 946 367 988 a
396 929 483 988 beata
504 928 642 989 Aezelina
669 937 702 989 ut
730 930 786 988 sibi
813 936 880 1006 post
908 937 1029 989 mortem
1057 931 1194 1004 appareret

181 1014 267 1091 Quod
285 1021 313 1073 et
332 1013 408 1074 lecit.
450 1015 526 1074 Nam
548 1034 613 1077 cum
636 1017 681 1076 die
696 1016 821 1092 quadam
842 1022 931 1076 staret
952 1019 982 1074 in
1004 1019 1125 1075 oratioue
1143 1013 1194 1072 Ac·

179 1101 286 1176 nelina,
319 1118 400 1162 soror
428 1100 562 1162 defunctu
584 1121 725 1180 apparens
748 1106 773 1162 ei
794 1107 822 1162 iu
845 1103 969 1180 sphaera
990 1105 1088 1180 ignea,
1112 1099 1195 1160 scisci·

180 1191 252 1248 tanti
273 1187 308 1247 de
331 1205 383 1248 suo
406 1195 491 1263 statu,
512 1191 653 1250 versiculo
667 1190 809 1250 Davidico
832 1191 980 1266 respondit
1001 1191 1108 1249 dicens:
1127 1187 1197 1246 stul

180 1275 358 1348 audiuimus,
379 1279 420 1334 sic
439 1277 565 1335 vidimus
587 1281 619 1336 in
640 1280 757 1337 civitate
769 1275 894 1336 Domini
912 1282 1067 1351 virtulum,
1087 1279 1118 1334 in
1136 1275 1195 1332 cici·

181 1367 242 1420 tate
262 1362 321 1421 Dei
341 1365 444 1436 nouat,
466 1368 495 1421 et
517 1370 612 1422 cetera
624 1360 650 1442 ¹).
700 1363 833 1438 Nihilque
856 1364 932 1423 aliud
954 1363 1090 1440 loquens,
1122 1358 1196 1420 oculis

181 1450 243 1508 eius
263 1449 412 1507 subtracta
433 1455 485 1508 est.
527 1448 731 1510 NOVICIUS:
760 1450 836 1510 Satis
857 1451 982 1510 breviter
1003 1452 1124 1525 satisque
1144 1445 1195 1522 plc-

179 1531 280 1615 uiter²)
302 1542 362 1594 tam
384 1552 468 1594 suum
489 1539 648 1611 praemium
670 1554 757 1612 quam
779 1555 919 1612 supernae
949 1539 1070 1599 civitatis
1093 1535 1195 1612 gloriam

180 1621 312 1682 ostendit.
348 1620 584 1682 MONACHUS:
608 1622 681 1682 Cum
694 1613 823 1684 mortuus
838 1629 913 1684 esset
933 1625 1038 1684 beatae
1059 1621 1194 1681 memoriae

178 1706 278 1768 David
299 1709 457 1768 monachus
479 1708 774 1788 Claustrensis'cuius
802 1712 863 1770 vita
890 1713 979 1788 signis
1007 1717 1037 1769 et
1063 1707 1195 1768 virtutibus

180 1795 265 1855 valde
287 1798 394 1855 exstitit
413 1795 544 1872 illustris,
567 1797 635 1856 data
661 1804 704 1856 est
724 1796 888 1878 praedictae
909 1797 1065 1879 Acrelinae
1090 1811 1143 1854 uua
1166 1808 1194 1851 er

180 1883 284 1942 tunicis
305 1885 375 1942 eius.
419 1882 513 1958 Quam
544 1901 609 1942 cnm
630 1889 747 1959 propter
776 1886 828 1942 viri
856 1886 947 1943 sancti
976 1900 1101 1943 amorem
1126 1877 1195 1939 valde

181 1976 372 2044 veneraretur,
393 1969 440 2028 illc
462 1970 587 2046 quadam
611 1970 657 2030 die
683 1973 708 2028 ei
730 1988 870 2046 apparens
901 1970 985 2029 dixit:
1012 1969 1095 2029 Bona
1120 1981 1196 2038 soror,

183 2058 281 2115 tunica
304 2065 370 2115 mea
403 2073 461 2114 non
495 2063 540 2116 est
568 2057 620 2115 tibi
648 2060 825 2132 necessaria,
854 2057 905 2116 sed
936 2057 1054 2132 quidam
1080 2059 1196 2131 peccator

184 2159 338 2206 conversus
369 2149 413 2202 cst
443 2145 472 2201 in
502 2143 649 2218 Claustro,
683 2142 828 2203 Gerardus
863 2146 993 2219 nomine,
1027 2145 1196 2220 cognomento

181 2229 352 2304 Waschart,
381 2229 420 2287 illi
449 2229 500 2290 des
529 2248 602 2290 eam.
653 2229 739 2306 Quod
760 2238 790 2290 et
809 2231 885 2290 iecit.
926 2230 1028 2290 Sciens
1048 2229 1102 2289 hoc
1126 2227 1196 2286 irater

182 2317 244 2376 eius
268 2316 389 2376 carnalis
410 2316 579 2377 Fredsricus
607 2317 765 2376 monachus
793 2324 905 2392 noster,
933 2323 1044 2394 partem
1071 2317 1123 2375 sibi
1147 2311 1196 2372 dari

179 2404 282 2479 petivit
303 2419 339 2462 ex
359 2403 461 2462 eadem
483 2407 588 2464 tunica.
638 2403 733 2479 Quam
761 2404 808 2463 ille
836 2422 887 2481 per
915 2404 1042 2465 medium
1069 2401 1196 2470 scindens,

178 2495 291 2566 partem
317 2491 372 2548 sibi
400 2492 530 2567 retinuit,
558 2491 698 2566 reliquam
726 2491 805 2550 fratri
831 2493 995 2550 transmisit.
1044 2490 1099 2548 Per
1123 2501 1196 2562 quan

180 2576 320 2654 plurimae
342 2578 478 2636 sanitates
493 2578 571 2654 apud
585 2595 638 2636 nos
658 2578 752 2637 factae
773 2584 849 2636 sunt.
892 2577 966 2636 Cum
985 2581 1091 2653 quauta
1110 2573 1196 2634 celori-

180 2670 241 2724 tste
262 2665 401 2724 iustomm
423 2667 535 2726 animae
558 2663 653 2725 coelos
675 2670 840 2742 penetrent,
855 2663 963 2724 ‘adhuc
983 2663 1040 2726 alio
1061 2663 1111 2723 tibi
1134 2675 1195 2740 pau·

180 2749 247 2812 dam
268 2749 409 2827 exemplo.

230 2854 244 2890 ί
307 2875 311 2890 ι

507 2886 740 2950 cmmmuu
759 2883 892 2970 xnus)

185 3038 188 3043 ·
252 3013 300 3071 Dc
320 3011 419 3088 plocio
439 3011 577 3071 monachi
598 3013 682 3070 cuins
704 3013 807 3070 animo
829 3011 870 3070 ad
890 3012 988 3070 instar
1008 3013 1131 3088 sapidos

186 3125 190 3132 -
502 3168 505 3176 Ἦ
552 3097 614 3174 fuit
635 3105 706 3158 onte
726 3099 836 3158 Dcnm.

244 3213 405 3278 Monachus
427 3217 545 3295 quidam
569 3218 675 3278 ordinis
703 3221 791 3278 nostri
819 3218 900 3279 alteri
929 3218 1045 3278 cuidam
1072 3214 1192 3278 monacho

180 3302 235 3362 sibi
255 3302 385 3362 tannim
405 3314 472 3381 post
492 3312 613 3367 mortem
635 3323 776 3383 apparens
797 3308 826 3364 in
847 3307 939 3382 gloria
961 3305 1067 3382 multa,
1089 3322 1147 3365 cum
1164 3300 1193 3361 de

178 3396 256 3449 statu
278 3405 330 3449 suo
352 3395 556 3468 requireretur,
583 3393 743 3469 respondit:
771 3392 926 3468 Nunquam
948 3395 1053 3470 sagitta
1079 3392 1112 3453 de
1137 3395 1192 3450 meu

177 3478 283 3536 emissa
304 3482 364 3536 tam
389 3479 444 3537 cito
474 3480 570 3539 volare
598 3482 694 3556 potuit
720 3479 758 3540 ad
786 3479 881 3540 locum
909 3480 1097 3555 destinatum,
1122 3491 1192 3556 quau

147 3585 151 3592 ·
178 3565 233 3625 cito
255 3565 350 3624 anima
372 3581 438 3626 mea
459 3565 495 3626 de
524 3583 642 3644 corpore
671 3583 802 3644 egressa,
828 3567 882 3626 luit
909 3574 976 3627 ante
998 3565 1101 3628 Deum
1143 3561 1191 3623 Neo

196 3735 226 3805 1)
244 3733 308 3790 Psal.
326 3736 370 3799 47,
388 3735 413 3788 9.
431 3763 464 3776 -
482 3735 515 3806 2]
533 3735 553 3788 B
576 3735 677 3805 plene.
711 3736 801 3790 llomil.
819 3736 861 3790 lV.
879 3752 905 3806 p.
924 3737 983 3792 194:
998 3727 1085 3791 'valdo
1103 3733 1189 3805 placitu

244 3814 272 3860 ct
289 3805 449 3860 excellenter.
468 3835 500 3847 -
518 3807 551 3875 *J
568 3806 659 3859 Homil.
676 3807 695 3860 l.
713 3823 739 3876 p.
758 3808 817 3860 127.
