2506 4254
387 276 443 338 DE
463 275 743 341 MORIENTIBUS.
1018 280 1080 342 ete

67 397 156 460 melem
182 396 264 462 sedes
291 397 361 458 mihi
387 399 460 460 foret
479 399 660 460 reservanda
701 399 770 461 Vidi
791 400 913 462 eundem
934 401 1081 462 Ysenbar·

67 485 126 546 dum
144 488 171 546 iu
192 485 281 546 multa
292 485 391 562 gloria,
411 489 441 544 in
464 489 544 546 cuius
564 486 638 563 pedo
659 488 791 563 apperuit
811 487 932 570 macpla,
953 505 988 547 eo
1003 481 1081 564 quod

66 565 200 632 nobiscum
235 575 373 648 existens,
407 575 513 632 invitus
547 576 601 632 iret
628 572 666 634 ad
699 574 822 633 labores.
876 573 1080 648 NOVIGIUS:

66 658 129 719 Cum
148 661 236 720 saneti
256 661 317 719 siue
337 659 451 719 macula
478 661 536 718 sint
563 666 629 720 aute
657 660 790 718 thronum
811 660 867 719 Dei
879 656 912 740 ¹),
939 661 1007 735 quid
1037 668 1081 722 est

7 743 8 760 ¹
66 745 132 822 quod
144 748 172 805 in
184 745 276 823 gloria
290 746 359 806 civis
374 745 504 806 coelestis
517 749 579 805 visa
602 753 646 806 est
666 746 801 806 macula?
842 740 1082 808 MONACHUS:¹

64 831 171 909 Propter
190 835 320 892 viventes
340 835 411 892 visio
434 832 535 893 eadem
557 840 672 892 ostensa
694 839 745 911 est,
757 837 800 892 ut
821 833 910 909 gloria
931 833 1080 893 monachis
1137 887 1139 892 .

7 927 8 938 ¹
64 917 152 998 bene²)
174 919 334 980 viventibus
355 927 430 979 esset
446 919 484 990 ad
507 920 736 996 consolationem,
757 919 960 980 maculavere
986 920 1079 997 negli-

63 1007 182 1082 gentibus
195 1007 233 1066 ad
255 1008 468 1082 eorreptionem.
510 1005 593 1066 Licet
606 1008 681 1066 enim
698 1009 803 1065 invitus
824 1009 877 1066 iret
898 1023 963 1066 oum
984 1007 1079 1066 iratri-

7 1091 8 1098 ’
64 1092 111 1150 hus
129 1093 311 1153 collaborem
331 1109 482 1168 manuum,
510 1092 595 1152 valde
616 1100 712 1152 tamen
734 1093 869 1152 sollicitus
889 1094 982 1168 iuerat
1003 1095 1078 1155 circo

64 1178 177 1238 divinum
197 1182 345 1240 servitium
353 1177 384 1259 ³).
412 1179 550 1239 Libenter
571 1186 682 1238 mature
703 1183 858 1238 matutinas
879 1180 1021 1257 pulsabat,
1041 1180 1078 1238 li-
1150 1179 1155 1184 ’

7 1265 8 1336 ξ
63 1266 150 1326 benten
169 1267 225 1326 alte
247 1266 390 1326 cantabat
430 1265 632 1326 NOVICIUS:
653 1266 755 1326 Placet
775 1266 853 1342 quod
874 1266 953 1326 diois.
1000 1265 1078 1328 MO-

63 1351 224 1414 NACHUS:
252 1353 386 1412 Testatus
409 1359 452 1412 est
480 1353 555 1413 idem
577 1353 717 1429 Mangoz,
745 1371 776 1413 se
806 1354 952 1414 domiuum
979 1354 1077 1416 David

62 1438 155 1499 ibidem
174 1441 293 1514 vidisse,
321 1446 351 1499 et
378 1438 448 1499 alios
469 1441 588 1515 multos,
617 1443 665 1515 qui
686 1457 777 1515 nuper
804 1441 916 1500 luerent
944 1441 1077 1502 defuncti

7 1523 8 1528 ’
61 1524 173 1586 Dicebat
194 1530 279 1587 etiam
300 1525 373 1584 inira
399 1529 513 1603 triginta
542 1526 601 1606 dies
630 1527 742 1602 aliquos
771 1526 806 1586 dc
828 1531 991 1604 purgatorio
1014 1546 1077 1589 csse

60 1610 216 1674 liberandos.
259 1611 402 1689 Cumque,
415 1613 488 1673 haec
517 1613 615 1672 ethis
643 1613 744 1672 similia
771 1616 891 1673 recitare
923 1617 1076 1691 coepisset,

61 1699 179 1761 advocati
198 1706 265 1759 sunt
284 1701 403 1773 novicii,
429 1701 482 1760 viri
510 1702 538 1758 in
560 1699 675 1760 saeculo
697 1703 842 1775 nominati,
864 1699 1009 1760 Gerendus
1030 1704 1077 1761 vi·

7 1837 8 1854 ,
61 1784 159 1862 delicet,
177 1782 425 1866 Maromannus⁴),
454 1792 483 1846 et
502 1786 627 1846 Karolus
654 1793 755 1863 postea
784 1786 902 1861 Abbas,
931 1785 966 1846 dc
995 1788 1076 1848 ouius

7 1911 8 1916 κ
61 1873 136 1932 etiam
155 1873 400 1948 manuoomedit,
425 1875 589 1950 insignum
617 1890 704 1932 verae
725 1875 955 1933 resuscitationis.
1004 1875 1077 1934 Post

61 1957 122 2020 haec
148 1977 211 2020 oum
239 1959 413 2036 postulasset
438 1960 581 2022 licentiam
602 1960 760 2035 redeundi,
792 1958 938 2037 respondit
957 1958 1075 2021 Abbas:

61 2043 138 2106 Modo
158 2046 248 2106 vadas
268 2049 298 2104 in
318 2063 399 2123 pecc.
448 2047 487 2106 Et
513 2046 660 2106 benedixit
688 2050 722 2107 ei.
771 2047 820 2106 Ad
849 2047 926 2122 quod
954 2048 1076 2108 verbum
1143 2099 1144 2108 ,

61 2147 118 2192 mox
137 2134 232 2193 oculos
254 2132 362 2207 clausit,
384 2140 413 2194 et
434 2136 595 2211 exspiravit.
638 2135 720 2194 Haec
740 2134 809 2193 mihi
829 2136 948 2194 recitata
969 2142 1035 2195 sunt
1056 2153 1075 2195 a

59 2221 201 2280 senioribus
221 2223 338 2294 nostris,
359 2227 388 2279 et
409 2239 427 2280 a
447 2222 505 2280 iam
526 2221 602 2280 dioto
623 2220 826 2296 Marcmanno,
848 2223 896 2296 qui
917 2227 996 2282 tanto
1018 2223 1074 2283 mi·

59 2306 143 2366 raoulo
170 2307 333 2367 interfuerat
341 2302 370 2387 ⁵).
428 2306 556 2383 Cumque
565 2303 586 2386 ⁶)
613 2309 757 2383 praefatus
785 2307 971 2378 Ysenbardus
1000 2315 1076 2368 esset

7 2419 8 2428 κ
59 2396 203 2469 moriturus,
227 2401 256 2453 et
278 2393 423 2453 Gerardus
445 2401 634 2470 cognomento
655 2394 811 2455 Waschart
832 2393 869 2454 ad
890 2393 978 2470 pedes
999 2394 1075 2454 illius

58 2479 186 2555 resideret,
207 2481 373 2558 prophetico
396 2483 497 2556 spiritu
519 2479 557 2539 ad
578 2481 763 2541 stabilitatem
784 2481 864 2539 illum
881 2481 1012 2540 hortatus
1034 2488 1079 2542 est

59 2563 157 2627 dicens:
178 2567 202 2626 O
224 2565 361 2642 Gorarde,
381 2567 502 2628 vidone
525 2583 609 2627 exeas
632 2567 767 2642 ordinem,
789 2570 856 2643 quia
876 2567 967 2627 multa
987 2567 1076 2628 millia

19 2647 22 2655 “
58 2649 212 2713 daemonum
224 2661 290 2714 ante
300 2660 413 2730 portam
435 2659 602 2730 exspectant
614 2659 652 2714 te.
696 2651 771 2732 Quid
792 2661 893 2731 postea
915 2653 950 2714 de
973 2655 1074 2715 codem

59 2733 171 2800 Gerardo
192 2747 288 2802 aetum
308 2743 353 2817 sit,
374 2743 505 2802 pommus
527 2757 634 2800 omnes.

390 2929 623 2991 eAPITULUM
650 2930 722 2991 XII.

107 3051 176 3114 Item
198 3053 233 3114 de
254 3060 349 3114 morte
371 3052 508 3114 Gozberti
529 3057 661 3112 conversi
682 3057 734 3130 qui
753 3055 926 3112 amtvsoao
947 3056 1012 3114 voa

484 3143 626 3201 recitavit.

109 3257 199 3322 Simile
226 3262 393 3321 miraculum
421 3265 539 3339 contigit
565 3265 594 3321 in
622 3262 723 3322 cadem
753 3261 846 3321 domo.
897 3259 969 3321 Cum
999 3269 1075 3322 esset
1158 3319 1160 3326 ,

56 3340 147 3406 ibidem
166 3351 293 3408 novicius
306 3348 436 3408 dominus
448 3349 638 3424 Hermannus,
657 3366 733 3409 nuno
748 3347 850 3408 Abbas
864 3347 934 3408 Loci
955 3354 1073 3407 sanetae

57 3424 160 3508 llariae,
180 3437 327 3511 sicutipse
341 3436 410 3494 milri
431 3435 534 3510 retulit,
556 3437 634 3494 venit
655 3435 693 3494 ad
715 3453 780 3500 cum
803 3435 849 3494 die
871 3435 996 3508 quadam
1018 3433 1072 3492 ali-

58 3518 110 3589 quis
130 3519 163 3579 do
190 3522 347 3582 senioribus
377 3521 489 3582 dicens:
517 3522 622 3582 Venite
651 3539 777 3598 mecum,
806 3539 859 3600 ego
887 3523 991 3581 faciam
1020 3536 1072 3578 vos

72 3701 98 3770 ι)
112 3705 183 3774 spos.
203 3709 244 3774 rr,
262 3711 287 3762 5.
306 3739 339 3749 -
357 3710 389 3780 a)
412 3709 493 3762 sens
517 3708 566 3760 aar
584 3708 611 3761 c.
629 3738 662 3748 -
681 3710 713 3776 a]
730 3707 794 3761 sor
816 3708 970 3760 orricium.
989 3734 1021 3742 -
1040 3703 1072 3838 ap
1120 3674 1124 3680 ’

115 3775 191 3831 elie?
208 3779 450 3844 Marcinsnnus,
468 3779 488 3832 E
507 3779 701 3842 Marcianum
716 3780 752 3830 sie
768 3786 794 3828 et
811 3777 886 3846 paulo
904 3785 969 3843 post.
990 3803 1018 3812 -
1039 3775 1054 3824 5

115 3842 315 3915 destertuit,
333 3848 355 3902 B
374 3850 605 3916 iuterfuerunt.
625 3878 656 3888 -
676 3849 708 3916 6)
726 3863 786 3916 que
804 3863 850 3899 om
869 3845 899 3898 B.
