2506 4254
87 281 148 342 188
372 321 382 336 .
428 279 656 345 orsmrtouro
677 281 789 346 NONA

85 417 168 482 uitari
194 427 297 498 pacem
322 421 439 498 requirit
460 428 489 482 et
509 419 671 482 silentium?
714 419 798 483 Unde
820 426 849 481 et
869 421 971 482 beatus
992 419 1140 483 Ambro-
1245 421 1247 492 ]

85 509 145 568 sius
172 515 240 583 post
259 507 448 586 Evangelium
469 527 585 569 monere
607 509 725 569 solebat-
738 506 893 584 populum,
924 515 958 568 ut
977 527 998 568 a
1018 510 1104 568 tusci
1113 503 1139 590 ι)
1245 501 1247 584 3

86 600 115 654 et
143 597 219 654 omui
238 595 433 671 inquictudine
461 613 493 656 se
514 602 705 672 temperarent
725 602 854 672 tempore
876 597 1001 656 canonis.
1036 595 1139 674 Quod
1245 597 1247 658 ζ

84 699 154 743 vero
184 681 298 742 devotio
326 684 411 760 ignea
438 684 489 758 sit,
517 689 546 743 et
566 699 679 743 mrsum
698 684 805 744 nitatur
825 689 858 742 ut
877 682 1023 761 praelatus
1043 699 1146 762 sum,
1246 675 1247 688 ¹

85 785 209 850 sequens
229 771 302 830 visio
325 765 538 852 demonstrem).
1242 758 1248 790 ‘⁴

418 941 650 1004 CAPITULUM
670 885 791 1003 inXI.

335 1065 385 1128 Dc
409 1065 508 1147 Utrico
536 1066 681 1126 monacho
709 1065 873 1126 Vitoricnor'.

104 1190 111 1206 ⁸
150 1185 316 1266 InxVilario
336 1187 510 1247 Brabantiae
531 1171 598 1247 ante
619 1186 675 1247 hoo
703 1186 849 1246 biennium
877 1185 1035 1246 monachus
1059 1187 1137 1264 qut-
1235 1136 1245 1217 ζ

49 1343 52 1350 Δ
87 1273 155 1334 dam
183 1274 333 1346 defunctus
354 1280 399 1334 est
417 1277 532 1336 nomine
552 1273 681 1349 Ultima,
711 1275 823 1333 iuvenis
852 1273 1065 1349 disciplinante,
1101 1279 1139 1333 et
1249 1353 1250 1358 ἵ

86 1361 173 1422 valde
198 1362 352 1438 gratiosus,
380 1367 440 1421 tam
468 1378 587 1438 corpore
615 1379 702 1438 quarn
723 1367 819 1420 mente
839 1363 931 1438 virgo.
973 1359 1029 1420 Hic
1058 1376 1138 1420 cnm

88 1449 118 1508 iu
138 1446 308 1528 Namuco³)·
327 1448 372 1508 die
401 1450 500 1524 quinto
529 1447 640 1508 decimo
673 1454 739 1508 ante
760 1453 881 1507 mortem
902 1465 986 1507 suam
1005 1447 1163 1507 missam-
1236 1440 1247 1471 '¹

88 1533 253 1609 celebraret,
273 1538 348 1596 sicut
368 1535 438 1594 rnihi
457 1534 554 1596 retulit
574 1533 713 1610 praedicti
733 1529 819 1614 loci⁴)
840 1535 931 1611 Prior,
952 1531 1138 1594 venerabilis

87 1621 198 1682 inchrsa
223 1619 316 1703 Uda⁵)
343 1623 472 1698 nomine,
503 1624 550 1682 eui
576 1621 658 1682 Deus
686 1621 777 1681 multa
801 1621 930 1681 revelare
959 1621 1138 1696 consuevit,

8 1742 11 1750 ·
86 1707 208 1788 globum
234 1712 351 1787 igneum
372 1725 458 1786 super
479 1715 566 1785 caput
587 1712 647 1768 eius
669 1711 825 1784 conspexit
866 1709 938 1770 Erat
960 1710 1035 1768 enirn
1055 1713 1137 1770 tunc
1250 1705 1251 1710 ’

87 1799 224 1874 temporis
254 1799 439 1874 grangiarius,
482 1795 541 1874 Qui
561 1813 627 1857 cum
647 1795 819 1869 infirmatus,
846 1797 877 1854 in
898 1795 1030 1856 extremis
1051 1811 1137 1872 agc-

88 1890 145 1958 ret,
178 1890 208 1942 et
227 1881 330 1944 Abbas
357 1883 481 1958 deesset,
509 1883 580 1942 dixit
611 1884 637 1942 ei
665 1881 781 1959 quidam
802 1899 839 1942 ex
860 1881 1136 1944 circumstantibus:

88 1969 208 2030 Velletis
237 1969 383 2032 dominum
404 1969 550 2030 Abbatem
579 1966 697 2050 modo‘)
726 1968 845 2030 videre?
887 1969 998 2044 Etiam,
1017 1969 1136 2047 inquit,
1251 2007 1252 2016 κ

59 2080 63 2098 ¹
89 2056 174 2130 ualde
201 2057 281 2117 illum
305 2058 404 2118 videre
433 2055 577 2132 desidero,
608 2063 641 2117 ut
668 2073 805 2132 praesens
826 2055 1007 2134 congaudere
1026 2063 1139 2131 posset

90 2144 159 2206 milri
180 2147 257 2205 eunti
278 2144 317 2205 ad
336 2146 460 2220 nuptias.
500 2145 539 2204 Et
559 2144 675 2205 adiecitr
698 2143 769 2203 (iras
787 2143 930 2204 habebitis
940 2149 1058 2220 propter
1082 2160 1138 2205 me

89 2231 203 2307 festum,
221 2231 329 2294 scilicet
342 2231 414 2291 dues
430 2233 541 2291 missas.
575 2231 660 2307 Quod
680 2231 842 2292 itafactum
864 2236 916 2290 est
947 2230 1025 2310 Nam
1035 2229 1140 2292 altera

90 2313 136 2379 die
152 2319 229 2378 dicta
240 2322 329 2378 missa
341 2321 370 2377 in
383 2325 536 2394 conventu,
556 2323 622 2395 post
636 2320 766 2394 primam,
785 2320 936 2378 eratenim
947 2315 1137 2396 Kalendaa')

91 2404 232 2483 Octobris,
252 2407 378 2465 ammam
393 2405 688 2486 virgineamtefflavit,
710 2422 784 2482 quae
806 2423 825 2467 a
846 2403 1018 2466 coelestibus
1037 2420 1139 2480 para-

89 2493 213 2569 nimphis
233 2499 381 2568 suscepta,
412 2495 440 2552 in
469 2493 636 2554 aethereum
663 2492 821 2552 thalamum
842 2491 882 2550 ad
901 2493 1016 2568 nuptias
1042 2493 1138 2568 ugni,

90 2586 120 2640 et
141 2578 180 2640 ad
201 2579 350 2655 amplexus
371 2580 468 2657 sponsi
490 2579 613 2640 deducta
635 2586 686 2640 est
728 2577 800 2639 Post
820 2580 935 2638 tertiam
954 2594 1023 2638 vero
1046 2577 1138 2638 cele-

89 2665 174 2728 brata
193 2684 244 2744 pro
268 2667 411 2726 comissa
436 2666 609 2728 sollemniter
628 2669 658 2726 in
682 2670 841 2740 conventu,
868 2664 1026 2726 secundum
1046 2664 1138 2742 quod

88 2756 152 2832 ipse
187 2753 380 2830 praedixerat,
412 2760 503 2813 terrae
538 2752 755 2814 commendatus
782 2758 834 2813 est.
881 2753 920 2812 Et
947 2755 1022 2814 sicut
1054 2751 1139 2812 mibi

90 2840 160 2902 dixit
180 2841 311 2901 dominus
332 2841 504 2902 Wilhelmus
524 2859 600 2901 nunc
621 2839 724 2900 Abbas
745 2839 927 2914 Vilarieusis,
955 2846 1023 2900 tunc
1042 2837 1138 2899 Prior

88 2925 237 3008 ibideml),
262 2946 300 2988 ne
329 2945 419 2987 unum
445 2927 560 3004 quidem
585 2934 737 3005 peccatum
765 2925 885 2986 mortale
913 2924 1138 3003 deprehendere

89 3017 183 3090 potuit
202 3018 232 3074 in
254 3017 313 3076 eius
336 3021 463 3074 extrema
484 3021 514 3074 ct
533 3014 660 3092 generali
678 3013 863 3074 confessione.
904 3013 1013 3074 Fuerat
1031 3013 1137 3088 siqui-

90 3099 157 3162 dem
177 3119 299 3179 magnae
320 3104 383 3178 spei
403 3103 522 3178 iuvenis,
545 3101 654 3161 vultum
676 3101 787 3161 habens
808 3099 979 3177 angelicum,
999 3099 1137 3162 moribus

90 3187 173 3248 bonis
193 3187 357 3265 adornatus,
378 3191 493 3250 natione
516 3188 702 3249 coloniensis.
744 3182 914 3266 Praedictii)
936 3204 1005 3248 vero
1026 3203 1138 3248 sacer-

90 3273 165 3336 dotis
192 3291 345 3350 personam
365 3277 434 3336 mihi
454 3276 576 3353 prodere
596 3291 654 3334 non
674 3276 750 3335 licet
792 3274 846 3333 Est
867 3276 943 3333 enirn
964 3277 1007 3334 vir
1027 3279 1138 3336 tantae

89 3361 278 3440 perfectionis,
290 3368 415 3424 attenta
426 3365 519 3441 gratia
533 3363 635 3440 dignus
648 3365 693 3437 sit,
707 3368 736 3424 et
749 3362 845 3424 verbis
859 3363 920 3422 cius
930 3377 989 3421 non
1002 3357 1138 3438 credere,

89 3451 115 3509 ai
136 3449 188 3510 tibi
209 3449 412 3526 propalaretur,
433 3449 613 3527 sacrilegium
633 3449 782 3510 iudicares.
824 3445 1025 3508 NOVICIUS:
1045 3444 1138 3508 Ulri-

90 3551 156 3602 oum
184 3542 321 3612 quantum
349 3535 388 3597 ad
408 3536 584 3614 praedictam
605 3539 744 3596 visionem
765 3534 886 3596 similem
907 3533 1002 3594 iudico
1023 3541 1137 3596 sancto

108 3652 500 3729 1)Bcor²ruur;conr.1V,
519 3651 693 3721 100.-2)C
711 3651 873 3714 declarat,
890 3649 913 3704 Β
931 3650 1135 3706 declarabit.

160 3723 285 3794 -SJCP
299 3723 624 3790 liemarum-mli?
642 3722 707 3775 loci
724 3721 936 3792 praedicti-
949 3719 1133 3789 5JBcod13

158 3796 310 3920 ffnffrtrffp'
329 3788 990 3936 inebriabiil¹102⁰232⁷³e¹13⁰³i¹⁸¹¹²
1014 3819 1044 3832 “
1068 3790 1137 3846 ⁸¹*
