2524 4252
136 245 197 304 326
405 239 632 304 DISTINGTIO
657 239 898 303 DUODECIMA

135 367 165 422 in
186 381 312 423 massam
333 363 438 424 fuerim
457 363 574 439 redacti,
594 366 717 424 invicem
729 381 761 424 sc
783 357 922 424 occident
964 362 1056 423 Vides
1077 379 1176 439 quan·

126 449 166 510 'ta
186 449 315 510 invidia?
357 449 440 511 Haec
462 451 530 510 mihi
552 469 570 510 a
592 451 705 512 duobus
726 451 891 510 Abbatibus
911 449 1003 510 relata
1023 457 1106 524 sunt,
1138 467 1176 510 ex

136 539 239 613 quibus
260 554 334 596 unus
355 537 407 596 tuit
428 537 463 597 de
484 538 600 597 Ducatu
624 538 785 614 Oenotriae,
806 537 878 600 alter
899 538 1020 596 assendt
1040 538 1096 596 sibi
1120 553 1176 596 ea-

136 624 202 684 dam
223 631 338 683 narrata
359 641 377 684 a
398 625 523 700 quodam
545 623 661 684 Abbate
687 627 736 700 qni
756 623 865 684 litteras
886 624 1064 699 supradictas
1086 623 1176 683 audi-

136 714 178 770 vit
192 729 257 771 cum
278 709 439 788 legerentur
460 728 555 771 coram
570 711 650 786 Rege
665 709 825 770 Frederioo.
867 705 1071 778 NOVIOIUS:
1092 709 1175 788 Quid

136 797 315 859 sentiendum
338 804 380 858 est
403 797 438 857 de
460 797 504 858 his
525 799 678 872 montibus,
701 797 831 857 Vulcano
853 797 976 872 scilicet,
997 797 1115 857 Aethna
1145 805 1176 858 at

137 892 234 944 monte
256 884 376 962 Gyber‘?
421 884 493 942 Cum
515 887 626 944 animae
638 887 667 941 in
689 901 738 943 eos
760 887 916 959 mittantur,
939 893 1018 944 estne
1038 885 1078 944 ibi
1098 902 1175 961 pur-

137 975 277 1049 gatorium
292 973 352 1030 sivo
366 970 511 1030 internus?
540 969 774 1030 MONAOHUS:
790 971 830 1030 Os
844 971 975 1030 dicuntur
989 987 1050 1031 esse
1062 971 1175 1046 intenti,

138 1058 319 1135 quianullus
342 1057 496 1116 electorum
517 1058 569 1116 sed
592 1059 706 1133 reprobi
733 1063 845 1117 tanturn
873 1061 901 1116 in
929 1074 980 1118 eos
1007 1061 1174 1131 mittuntur,

137 1148 211 1204 siout
239 1145 341 1221 legitur
369 1147 398 1202 in
432 1144 556 1221 Dialogo
593 1144 628 1204 de
656 1144 834 1204 Theoderico
864 1145 944 1222 Rege
980 1143 1175 1223 Gottorum1).

135 1232 266 1292 infernus
288 1235 405 1306 putatur
425 1247 488 1290 osse
509 1234 539 1289 in
568 1231 654 1291 corde
682 1236 785 1306 terrae,
811 1248 848 1290 ne
878 1231 946 1290 maii
974 1231 1068 1291 lumen
1097 1231 1175 1292 coeii

137 1317 262 1378 videant.
304 1317 437 1378 Referam
457 1319 509 1377 tibi
529 1335 606 1378 nunc
627 1318 725 1394 aliqua
746 1316 877 1395 exempla
897 1317 934 1378 do
959 1321 1057 1396 poenis
1083 1335 1176 1394 prae·

136 1404 251 1465 donum.

486 1541 719 1604 CAPITULUM
739 1543 825 1602 XIV.

344 1667 393 1725 Dc
409 1682 510 1741 poena
531 1665 681 1725 Frcdcra'oi
701 1666 800 1724 militia
822 1665 858 1724 da
879 1665 975 1726 Kella.

203 1785 281 1846 Civis
315 1787 431 1862 quidam
460 1785 682 1848 Andirnacensis
709 1787 897 1847 Erkinbartus
930 1788 1059 1860 nominc,
1086 1794 1180 1862 pater
1257 1793 1258 1814 ¹

138 1871 279 1933 Johannis
292 1874 425 1934 monachi
437 1877 534 1949 nostri,
556 1892 621 1934 cum
643 1874 689 1933 dic
701 1874 826 1949 quadarn
847 1881 914 1933 ante
935 1872 1029 1933 lucem
1051 1875 1104 1933 irat
1134 1874 1178 1934 ad

138 1959 284 2035 quoddam
304 1958 449 2035 placitum,
471 1960 586 2036 quidam
610 1963 634 2019 ei
657 1963 779 2020 occurrit
799 1963 828 2018 in
850 1960 990 2021 dextrario
1012 1961 1178 2036 nigerrimo,

139 2045 175 2106 de
197 2048 278 2106 cuius
305 2047 421 2109 naribus
441 2047 536 2106 furnus
549 2053 578 2107 et
598 2048 715 2108 flamma
735 2045 948 2128 procedebat2).
989 2047 1071 2106 Nunc
1091 2049 1179 2107 riam
1260 2096 1261 2109 ,

138 2135 234 2194 tritam
255 2133 380 2208 tenebat,
400 2150 476 2193 nunc
498 2135 661 2194 exorbitans
675 2136 704 2193 in
726 2152 859 2210 campum
881 2134 1065 2195 discurrebat.
1085 2133 1178 2195 Haeo

138 2221 238 2280 videns
259 2219 459 2296 Erkinbertus,
479 2223 602 2297 primum
623 2220 708 2281 valde
729 2224 841 2281 territus
863 2227 922 2296 est,
944 2227 972 2280 et
993 2221 1059 2297 quia
1079 2220 1178 2280 decli-

115 2325 206 2385 ¹nare
228 2324 285 2365 non
306 2314 427 2384 poterat,
448 2325 479 2368 se
495 2310 590 2384 ipsum
612 2307 782 2384 confortans,
804 2325 887 2368 cruce
902 2325 934 2367 se
955 2309 1078 2385 signavit
1098 2325 1177 2367 oon-

138 2401 183 2455 tra
196 2393 351 2470 diabolum,
372 2395 519 2454 dexteram
531 2413 644 2454 armans
658 2395 753 2472 gladio
776 2401 876 2456 eontra
898 2394 1049 2454 hominem.
1079 2394 1177 2470 Igno-

138 2481 222 2540 rabat
243 2482 318 2540 enirn
344 2481 414 2557 quid
442 2487 527 2541 esset
578 2481 630 2540 Oui
660 2498 726 2541 cum
751 2484 970 2558 propinquasset
978 2479 1009 2562 ³),
1037 2483 1179 2558 cognovit

138 2585 204 2629 eum
231 2566 375 2643 quendam
403 2568 489 2628 fuisse
517 2568 634 2628 militem
662 2571 839 2628 nominatum
867 2585 958 2644 nuper
993 2568 1178 2646 defunctum,

137 2655 321 2717 Fredericum
334 2657 458 2730 nomine,
479 2653 515 2714 de
528 2654 596 2714 villa
609 2655 692 2716 Kella
715 2656 873 2715 oriundum.
915 2654 1074 2714 Videbatur
1095 2658 1177 2716 enim

138 2742 368 2803 cucumamictus
380 2742 503 2819 pellibus
521 2744 621 2818 ovinis,
642 2742 745 2802 molem
768 2748 859 2802 terrae
880 2747 997 2818 gestans
1017 2744 1045 2800 in
1066 2741 1177 2802 hume-

138 2833 184 2888 ris.
232 2829 281 2888 Ad
307 2846 392 2905 quern
418 2829 619 2889 Erkinbertus:
648 2829 725 2888 Estis
751 2846 804 2888 vos
833 2829 964 2887 dominus
984 2827 1176 2890 Fredericus?

137 2916 340 2992 Respondente
360 2915 427 2992 illo,
447 2933 500 2993 ego
523 2934 602 2992 sum3
631 2916 765 2975 subiecit:
790 2915 873 2975 Unde
897 2917 1013 2991 venitis,
1034 2915 1080 2976 rel
1102 2916 1176 2990 quid

137 3003 297 3078 significant
316 3005 372 3062 ista
394 3020 467 3079 quae
489 3001 596 3062 video?
638 3003 718 3079 Ego,
738 3003 843 3078 inquit,
864 3004 891 3060 in
921 3005 1050 3062 maximis
1070 3003 1176 3078 poenis

138 3106 217 3163 sum;
238 3088 328 3164 pelles
348 3092 419 3150 istas
441 3089 554 3149 cuidam
582 3090 687 3149 viduae
708 3085 806 3168 tulit),
834 3105 907 3165 quas
935 3106 1012 3148 nunc
1040 3089 1175 3149 ardentes

139 3263 219 3324 cuius
239 3262 366 3336 pondero
394 3263 479 3322 modo
508 3281 630 3340 premor.
682 3263 713 3323 Si
741 3263 789 3322 filii
818 3265 874 3322 mei
902 3265 957 3322 ista
985 3264 1175 3336 restituerint,

138 3347 258 3410 multum
279 3364 403 3423 poenam
425 3367 519 3410 meam
539 3347 753 3430 alleviabunt⁵).
796 3349 900 3426 Sicque
929 3350 966 3409 ab
995 3349 1083 3409 oculis
1110 3351 1175 3408 eius

138 3435 263 3500 evanue
313 3433 370 3510 Qui
398 3437 464 3494 com
492 3439 640 3496 recitasset
667 3437 712 3496 die
742 3437 831 3496 altera
859 3436 950 3497 verba
976 3439 1063 3512 patris
1091 3435 1175 3510 tiliis,

138 3523 297 3584 maluerunt
317 3520 398 3580 illum
418 3522 597 3582 aeternaliter
618 3526 647 3581 in
668 3526 768 3599 poenis
789 3540 918 3599 manere,
947 3540 1034 3599 quam
1055 3521 1174 3582 dimissa

157 3673 187 3742 1)
205 3673 309 3742 Gregor.
327 3669 389 3722 Bial.
409 3671 455 3734 Ν,
472 3671 515 3723 30.
536 3701 566 3711 -
585 3672 617 3740 2)
636 3671 721 3724 BBEF
740 3672 1016 3740 procedebant-
1030 3673 1062 3741 3)
1079 3671 1100 3724 B
1117 3687 1172 3740 ap-

206 3745 470 3866 Eflzrrviingtgzstset
483 3768 514 3780 -
527 3740 559 3807 t)
577 3740 599 3792 Ε
617 3741 749 3792 abstuli.
762 3743 839 3811 -5)
858 3742 879 3794 1)
897 3743 1120 3795 restituerent
1140 3772 1171 3784 -
