2608 4252
469 270 523 334 DE
545 273 703 336 SANCTA
723 273 864 336 MARIA.
1147 277 1185 335 13

148 391 275 472 Abbati,
305 397 353 470 qui
375 403 444 456 tuuc
469 371 574 456 ebsens
596 403 658 456 erat
673 394 705 476 ι),
733 397 888 471 revelaret,
915 395 1094 473 supplicans,
1123 396 1186 458 oleo

149 498 233 543 sacro
253 485 396 558 inunctus,
417 489 447 543 ct
461 484 606 544 Dominici
626 488 753 560 corporis
767 490 944 568 sacramento
959 487 1095 560 munitus,
1115 483 1188 545 hora

151 585 170 628 e
193 567 384 630 daemonibus
404 571 559 648 praedicta,
580 572 635 632 sub
656 589 708 648 spe
729 574 831 632 veniae
851 572 980 647 spin‘turn
993 571 1145 634 exhalauit.

524 743 757 823 unumunurn
778 763 820 822 x.

226 883 302 944 Item
324 883 359 942 dc
380 883 496 943 duobus
515 884 669 957 mendicis,
691 889 724 944 in
744 886 882 961 hospitali
903 889 966 944 ciue
985 886 1112 946 Periclis

306 971 535 1048 deprecantibus,
557 989 631 1048 quoe
653 973 689 1030 de
711 973 890 1049 confessione
910 976 1034 1032 monuit.

218 1109 315 1171 Simile
336 1110 506 1170 beneficium
527 1112 674 1170 consecuti
705 1118 772 1170 suut
793 1112 850 1171 dno
871 1129 1013 1188 pauperes
1033 1111 1188 1172 Parisiis'a

149 1199 239 1258 beata
249 1199 377 1275 Virgine,
390 1201 463 1258 sicut
476 1197 546 1256 milri
559 1199 654 1258 retulit
666 1198 837 1258 Lambertus
852 1199 1009 1258 monachus
1020 1205 1124 1273 noster,
1138 1201 1186 1274 qui

150 1285 254 1345 eodem
276 1291 403 1360 tempore
424 1285 530 1346 ibidem
552 1285 620 1344 dicit
640 1303 671 1345 se
695 1285 847 1347 studuisse.
891 1285 1021 1361 Cumque
1032 1282 1053 1365 ²)
1076 1286 1187 1345 collecti

149 1372 271 1432 inissent
292 1375 321 1430 in
342 1372 490 1448 hospitali,
519 1372 598 1448 quod
624 1375 709 1432 situm
736 1379 779 1432 est
805 1379 872 1432 ante
901 1376 961 1431 eius
982 1377 1137 1432 oratorium
1156 1375 1186 1432 in

149 1459 305 1533 Paradiso,
333 1461 393 1518 viro
416 1455 529 1519 cuidem
549 1459 696 1535 religioso,
726 1459 854 1518 eiusdem
876 1459 1023 1534 hospitalis
1043 1463 1187 1535 ministro,

149 1547 214 1622 ipsa
234 1547 325 1622 Virgo
347 1548 565 1622 benignissima,
594 1549 639 1605 cui
662 1563 729 1606 cura
751 1553 795 1606 est
816 1548 851 1606 de
874 1548 1020 1622 omuibus,
1049 1563 1186 1623 apparere

151 1632 270 1714 dignata
292 1641 348 1708 est,
371 1634 480 1694 dicens:
501 1634 597 1708 Bone,
618 1633 684 1692 vide
706 1640 739 1692 ut
759 1633 905 1711 diligentia
925 1651 960 1692 ac
982 1634 1112 1693 custodie
1132 1633 1186 1694 ad-

150 1719 283 1780 hibentur
309 1721 363 1778 illis
385 1721 498 1779 duobus
519 1721 692 1797 pauperibus
705 1718 741 1800 ³),
775 1724 842 1798 quia
861 1723 891 1779 in
922 1720 1081 1796 periculoso
1109 1726 1186 1780 stetu

150 1813 226 1882 suut,
247 1817 276 1868 et
297 1808 451 1867 daemones
473 1825 538 1866 num
560 1807 650 1868 multa
667 1807 853 1868 sollicitudine
870 1807 933 1866 illos
950 1809 1095 1866 circueunt
1112 1824 1186 1883 quo-

149 1895 236 1953 modo
251 1898 291 1955 eis
304 1901 434 1954 noceant.
467 1893 553 1969 Quod
568 1913 633 1953 cum
650 1895 803 1954 iudicasset
815 1894 963 1970 secerdoti,
983 1900 1012 1953 et
1023 1895 1070 1954 ille
1084 1911 1134 1954 eos
1148 1894 1187 1954 ad

149 1982 379 2042 emundationem
390 1979 412 2061 a)
442 1983 632 2041 eonscientiae
664 1980 825 2042 hortaretm
856 1981 944 2040 semel
976 1999 1011 2041 ec
1044 1980 1186 2056 seeundo,

148 2085 202 2128 uec
223 2069 389 2145 proficeret,
417 2068 534 2128 taudem
555 2069 712 2128 subiunxit:
741 2069 852 2143 Miseri,
882 2085 935 2146 ego
957 2071 1027 2128 novi
1047 2086 1100 2129 vos
1122 2085 1186 2128 esse

147 2156 176 2214 iu
205 2158 331 2232 peccatis
359 2157 550 2233 gravissimis,
578 2157 690 2231 citoque
719 2158 892 2230 moriemini,
926 2160 954 2214 et
981 2158 1036 2215 nisi
1064 2156 1186 2216 confessi

128 2241 269 2318 meritis,
300 2242 439 2303 intrabitis
471 2242 646 2318 gehennam,
678 2245 778 2318 poenis
810 2241 1000 2302 aeternalibus
1034 2242 1186 2302 cruciandi
1290 2297 1291 2304 ,

146 2328 193 2388 Illi
213 2347 283 2389 vero
305 2331 406 2404 territi,
429 2336 458 2388 et
479 2329 557 2405 quod
579 2329 740 2388 credibilius
769 2335 827 2404 est,
848 2331 983 2406 precibus
1004 2331 1107 2390 beatae
1128 2329 1185 2389 Dei

148 2415 299 2477 Geniuieis
319 2417 477 2490 illuminati,
497 2421 618 2491 peccata
633 2434 687 2476 sua
704 2417 825 2476 confessi
846 2423 921 2492 suut,
941 2426 1078 2493 moreque
1100 2415 1184 2475 (ibri-

146 2506 239 2564 stiauo
261 2504 449 2578 decedentes,¹
462 2503 649 2562 daemonibus
666 2501 783 2578 luctum,
803 2509 832 2562 et
852 2507 958 2562 sanctis
980 2503 1088 2580 angelis
1108 2519 1183 2580 gau-

146 2591 226 2650 dium
245 2591 373 2651 lecerunt
392 2593 422 2649 in
443 2590 533 2650 coelo.
576 2588 777 2650 NOVIGIUS:
800 2589 895 2649 Valde
907 2588 927 2671 ⁸)
951 2590 1106 2650 laetificent
1118 2589 1183 2650 ista

145 2677 381 2740 MONACHUS:
402 2677 467 2736 Nou
489 2677 580 2736 solum
594 2684 762 2752 peccatores
782 2677 868 2756 fidem
890 2681 949 2738 siue
972 2678 1105 2754 operibus
1126 2675 1182 2736 he·

145 2767 261 2842 bentes,
282 2767 461 2842 peripsam,
483 2769 515 2822 ut
535 2764 688 2838 probatum
710 2770 766 2840 est,
787 2764 994 2838 illuminantur,
1014 2767 1072 2823 imo
1095 2765 1181 2823 etiem

145 2857 296 2928 apostatae
317 2869 336 2910 e
356 2851 428 2925 fide,
450 2850 528 2926 quod
549 2853 662 2926 siguum
684 2858 727 2910 est
748 2853 861 2910 maioris
883 2849 1105 2926 misericordiae,
1130 2867 1182 2926 per

145 2955 210 2999 cem
226 2939 338 2998 Christo
359 2937 585 3018 reconcilientur.
627 2937 750 2998 Debeo
771 2938 861 2998 habes
879 2938 1059 2996 menifestum
1081 2953 1180 2997 exem·

143 3027 224 3104 plum
244 3029 274 3085 in
296 3024 474 3084 distinctione
495 3023 621 3084 secunda
643 3024 766 3100 capitulo
789 3023 973 3099 duodecimo,
1005 3025 1041 3085 de
1061 3027 1180 3099 iuvene,
1283 3061 1284 3064 =

144 3116 195 3188 qui
214 3115 294 3173 iurte
306 3111 471 3172 Floreliiam
486 3109 627 3170 Christum
643 3112 798 3188 abnegans,
819 3118 848 3171 et
870 3112 983 3172 diabolo
1005 3129 1037 3172 se
1050 3111 1181 3185 reddens,
1282 3163 1283 3188 ,

144 3202 207 3260 cius
234 3200 367 3278 precibus
394 3200 524 3275 pervenit
545 3197 583 3256 ad
603 3197 816 3275 indulgentiam.
858 3197 1060 3260 NOVIOIUS:
1081 3199 1180 3259 Simile
1281 3221 1282 3230 ¹

141 3285 246 3364 legitur
274 3286 309 3346 de
331 3286 490 3362 Theoplrilo
518 3283 723 3345 Alexandrino.
766 3284 841 3362 Quia
865 3289 925 3346 iem
956 3302 1050 3346 senno
1079 3282 1178 3366 satisl)

142 3381 302 3452 protractus
330 3379 374 3434 est
402 3372 437 3433 de
458 3372 603 3432 beneficiis
625 3373 686 3430 eius
713 3373 789 3432 eirea
808 3379 990 3450 peccatores,
1018 3389 1120 3449 precor
1147 3379 1180 3431 ut
1279 3421 1280 3438 ,

142 3464 231 3522 etiem
244 3457 263 3542 τ)
286 3461 423 3538 exemplis
442 3461 512 3520 mihi
533 3459 684 3536 ostendes,
718 3463 829 3536 quantis
857 3461 905 3521 vel
915 3457 937 3541 ⁸)
967 3460 1100 3536 qualibus
1128 3475 1179 3535 per

162 3647 193 3718 1)
210 3647 255 3700 lo
272 3663 431 3715 praesens
448 3657 530 3712 ersi,
548 3645 587 3702 Cl’
605 3661 764 3714 praeseus
781 3661 840 3698 nou
858 3653 978 3698 erat—
994 3645 1026 3714 2)
1043 3659 1178 3712 eumque

211 3716 304 3769 dictum
323 3733 370 3785 pro
387 3733 454 3770 eum
473 3721 562 3770 enirn.
580 3717 652 3769 Geni.
671 3717 724 3780 Vll,
740 3717 783 3769 38.
800 3715 863 3779 Vlll,
880 3716 923 3770 54.
942 3717 984 3767 77.
1002 3744 1033 3754 -
1053 3715 1085 3782 3)
1102 3729 1177 3781 peu·

211 3787 406 3854 peribusom
426 3789 472 3840 BP.
492 3818 522 3828 -
541 3785 920 3852 enumerationem.
939 3813 970 3824 -
991 3782 1175 3852 5J1Jvalde

211 3873 307 3909 rue.-
328 3857 360 3926 6)
378 3857 441 3910 ABG
459 3857 542 3907 seris
561 3869 675 3906 serron.
689 3856 763 3922 -Ὁ
781 3855 878 3906 etium
896 3851 1117 3918 adun-sm?
1134 3859 1174 3902 et.

1278 3329 1281 3403 l

1276 3547 1279 3630 l

1274 3745 1277 3833 Ι
