2608 4252
143 249 183 308 52
448 243 675 308 DISTINCTIO
695 244 870 310 summa

141 371 282 448 guntarit,
302 372 334 428 'st
364 367 475 428 obtulit
521 369 569 431 De
597 386 655 445 quo
684 386 750 430 cum
766 367 783 451 ¹)
812 375 972 448 gustasset,
993 371 1069 431 sicut
1098 373 1180 448 prius

142 457 241 514 vinum
267 457 389 530 invenit,
422 463 451 516 et
478 471 547 517 mox
574 474 657 517 servo
686 459 775 516 iratus
804 461 845 517 sic
867 460 922 516 aitz
954 457 995 518 Ut
1016 457 1086 534 quid
1107 457 1179 518 milui

141 541 234 602 illudis
264 559 300 603 en
327 539 454 604 secundi)
466 541 502 623 ²),
528 547 629 603 vinum
654 560 706 620 pro
729 561 806 620 aqua
826 545 896 605 mihi
917 543 1084 604 offerendo?
1127 543 1178 604 Ad

140 629 220 705 quod
240 631 363 690 verbum
384 630 638 706 stupens'servus,
659 649 726 691 cum
746 633 910 691 iuramentis
930 633 1062 692 maximis
1082 649 1178 709 nega-

141 718 191 776 rit.
242 717 326 778 'lunc
359 718 483 794 primum
514 718 673 796 intelligens
705 735 741 778 ex
773 719 864 778 multa
895 717 1089 780 misericordia
1120 719 1178 782 Dei

141 801 293 864 Genitricis
320 805 377 864 hoc
405 804 571 864 miraculum
600 809 676 864 circa
703 812 883 882 sugestum,
915 805 1038 865 eundem
1060 822 1177 866 servum

140 891 296 966 animavit,
324 907 361 952 ne
387 890 458 950 illud
486 908 613 967 unquam
642 892 728 951 alicui
748 892 897 952 hominum
925 891 1021 968 quoad
1049 895 1178 968 vireret,

139 980 340 1039 manifestaret.
382 977 426 1035 Ex
448 995 506 1053 quo
521 979 661 1055 colligitur
682 978 761 1054 quod
781 997 838 1038 non
861 980 981 1056 cupidus
1002 985 1064 1039 erat
1083 982 1178 1040 inanis

139 1065 256 1142 gloriae,
297 1064 404 1124 Servus
425 1081 494 1124 vero
520 1068 593 1124 tanti
613 1068 755 1142 particeps
776 1067 923 1142 miraculi,
942 1066 1027 1126 frater
1048 1072 1096 1126 est
1115 1065 1178 1126 Ar-

139 1152 250 1228 noldus,
272 1154 321 1226 qui
342 1169 408 1210 cum
430 1169 463 1211 eo
486 1155 565 1211 venit
585 1153 623 1211 ad
643 1153 778 1227 ordinem,
801 1155 844 1212 vir
865 1159 980 1213 sanctus
1002 1160 1032 1212 et
1051 1153 1176 1212 multum

139 1239 293 1311 ordinatus,
316 1240 395 1297 etin
416 1231 512 1299 monte
526 1239 692 1316 Stromberg
709 1239 847 1315 sepultus.
890 1239 1056 1316 Antequam
1077 1257 1176 1300 more-

138 1331 227 1401 reurr,
249 1325 326 1385 idem
346 1325 516 1385 miraculum
537 1326 575 1385 ad
595 1326 652 1385 Dei
673 1326 792 1403 gloriam
813 1326 984 1402 publicavit,
1012 1329 1117 1386 timens
1139 1325 1176 1388 de

138 1413 271 1472 thesauro
287 1412 429 1472 occultato
450 1419 650 1488 postmortem
670 1413 789 1473 reddere
811 1417 959 1474 rationem.
980 1445 1022 1457 -
1043 1413 1176 1474 Audiens

138 1499 318 1574 saepedictus
349 1499 496 1560 Walterus
527 1499 655 1560 ordinem
684 1501 900 1561 cisterciensem
932 1501 1035 1560 beatae
1061 1501 1176 1578 Virgini

139 1585 316 1662 dedicatum,
345 1590 440 1646 omnia
462 1604 536 1662 quae
557 1587 727 1646 sunthnius
749 1587 862 1662 mundi,
892 1587 1005 1647 divitias
1024 1586 1176 1662 videlicet,

137 1673 260 1732 honores
282 1681 311 1734 et
332 1677 454 1748 amicos,
477 1675 514 1734 ob
535 1675 611 1734 illius
634 1691 762 1734 amorem
782 1674 909 1750 reliquit,
939 1682 968 1735 et
988 1677 1017 1733 in
1040 1674 1175 1735 Oleastro

137 1759 216 1836 quod
237 1760 293 1820 alio
315 1764 429 1820 nomine
443 1761 654 1821 Hemmenrode
677 1761 785 1836 dicitur,
808 1765 887 1820 cuius
907 1762 985 1822 fama
1006 1767 1075 1820 tunc
1096 1767 1174 1821 tem·

137 1849 223 1924 poris,
244 1849 317 1908 sicut
338 1855 367 1908 et
388 1847 485 1923 hodie,
508 1849 664 1908 clarissima
684 1849 751 1922 fuit,
773 1847 903 1908 habitum
925 1849 1085 1924 reguilarcm
1106 1865 1175 1908 sns-

138 1935 222 2010 cepit
264 1933 299 1993 In
321 1951 378 2009 quo
401 1936 540 1994 coenobio
555 1953 641 2011 quam
655 1935 798 1996 humiliter
819 1938 855 1994 sit
869 1942 1063 2011 conversatus,
1085 1950 1175 2012 quam

136 2021 249 2080 fervens
269 2021 353 2080 fuerit
373 2028 402 2080 et
423 2021 568 2098 obediens,
591 2028 620 2081 et
639 2025 669 2080 in
691 2023 829 2098 obsequio
850 2023 954 2082 beatae
971 2022 1097 2099 Virginis
1120 2021 1174 2083 de-

137 2115 231 2183 votus,
252 2114 340 2167 testes
361 2115 428 2167 sunt
449 2124 548 2168 omnes
569 2109 702 2169 monachi
723 2109 850 2168 eiusdem
870 2112 1043 2168 monasterii.
1085 2109 1175 2169 Psal-

136 2197 239 2256 terium
260 2212 338 2270 vero,
359 2195 500 2272 hymnos,
511 2199 622 2256 cautim
644 2202 673 2256 et
693 2195 764 2255 alias
786 2196 822 2256 de
839 2196 966 2256 Domina
985 2202 1084 2256 nostra
1105 2211 1174 2256 ora-

136 2284 228 2342 tiones
249 2281 385 2358 plurimas
413 2283 631 2358 inprobatione
653 2281 804 2358 didicerat,
833 2299 907 2359 quae
936 2285 1033 2343 omnia
1060 2283 1174 2344 studio-

134 2371 246 2428 sissime
259 2369 456 2444 frequentavit.
477 2369 583 2430 Missae
591 2369 772 2446 quotidianae
782 2370 924 2430 Dominae
934 2376 1049 2429 nostrae
1059 2383 1176 2448 sempor

135 2458 271 2515 interesse
284 2456 389 2531 voluit3
402 2457 536 2531 quicquid
546 2475 619 2533 pene
633 2457 812 2532 loquebatur,
824 2456 1048 2516 aedificatorium
1061 2457 1173 2518 luit—

136 2541 212 2620 Quia
233 2559 291 2602 non
312 2543 405 2602 solum
426 2543 521 2603 verbis
549 2551 578 2603 et
605 2551 739 2620 aspectu,
768 2546 825 2603 imo
856 2547 942 2602 etiam
963 2542 1050 2604 odore
1076 2545 1173 2605 lamae

137 2632 198 2688 eius
231 2630 313 2689 multi
348 2629 587 2706 aedificabantur,
626 2634 762 2707 magister
798 2631 942 2706 hospitum
975 2637 1088 2690 creatus
1121 2639 1174 2691 est.

135 2717 277 2794 Tempore
300 2717 425 2793 quodam
453 2717 555 2776 ductus
571 2725 626 2792 est
646 2718 684 2776 ad
705 2721 909 2776 monasterium
937 2733 988 2792 epe
1018 2720 1174 2780 curationis

136 2803 253 2878 quidam
274 2807 418 2880 obsessus,
440 2810 468 2863 et
488 2807 518 2862 in
535 2804 657 2881 hospitio
679 2811 819 2881 receptus.
862 2805 932 2863 Erat
954 2800 1029 2864 enim
1050 2807 1174 2866 rusticus

136 2889 216 2950 dives
238 2895 306 2952 satis
328 2909 362 2952 ac
394 2899 487 2952 notus.
531 2891 675 2967 Quicum
696 2890 774 2950 nullo
797 2891 922 2951 remedio
943 2898 1041 2968 posset
1062 2895 1173 2968 sanari,

134 2994 192 3036 non
213 2979 338 3054 reliquiis
360 2985 532 3052 sanctorum,
555 2993 614 3037 non
636 2979 811 3039 orationibus
833 2979 1045 3054 monachorum,
1067 2995 1173 3056 saepe-

135 3063 227 3124 dictus
255 3065 401 3126 Walterus
434 3068 601 3126 auctoritate
634 3065 719 3125 officii
749 3066 911 3140 frequenter
943 3083 1009 3125 enm
1036 3069 1173 3142 visitans,

99 3163 105 3179 ⁴
135 3153 277 3211 orationes
301 3158 329 3210 et
350 3153 468 3213 rithmos
481 3151 502 3232 ³)
532 3170 603 3228 quos
625 3153 761 3227 habebat,
783 3153 818 3212 dc
832 3152 958 3212 Domina
978 3158 1078 3212 nostra
1100 3169 1173 3214 con-

134 3241 256 3314 scriptos
266 3233 298 3318 ⁴),
319 3255 405 3314 super
426 3247 514 3316 caput
534 3241 655 3299 hominis
675 3240 753 3316 legit,
774 3256 870 3298 sacras
891 3241 1016 3314 picturas
1038 3241 1173 3318 ostendit,

112 3323 187 3402 'per
214 3343 288 3401 qnae
315 3328 411 3385 omnia
439 3327 609 3387 daemonem
637 3333 680 3385 nt·
698 3329 786 3386 exiret
818 3326 968 3385 adiuravit
1010 3326 1067 3386 Die
1097 3343 1172 3403 qua·

134 3413 202 3472 ulain
224 3429 290 3472 cnm
310 3412 475 3488 psalterium
497 3431 582 3488 super
603 3413 714 3474 obsessi
742 3419 829 3489 caput
849 3415 1007 3490 posuisset,
1036 3413 1173 3474 obsidens

135 3499 262 3560 clamans
284 3499 442 3572 etiurens,
463 3502 623 3558 intantum
645 3500 789 3559 hominem
815 3517 913 3575 aquo
946 3501 1021 3560 exire
1043 3503 1173 3578 cogeba-

134 3595 189 3661 tur,
209 3587 336 3646 tnrbauit
357 3591 386 3644 et
408 3585 501 3659 allisit,
522 3591 555 3643 ut
576 3586 682 3646 cadens
703 3588 733 3644 in
753 3593 858 3644 terram
880 3585 1008 3646 mortuus
1021 3587 1172 3648 diceretur.

154 3686 185 3753 1)
203 3683 266 3736 abt>
284 3682 362 3738 dum.
374 3711 404 3722 -
419 3683 451 3748 2)
462 3683 494 3744 x,
512 3683 557 3735 36:
577 3685 679 3748 ,nescio
696 3686 752 3751 quis
766 3683 866 3734 domurn
884 3681 949 3732 hanc
966 3697 999 3734 en
1016 3683 1096 3736 altera
1113 3687 1172 3737 viee

181 3751 407 3890 ἓιζεξξιιπέἰξέὶ-
426 3752 459 3819 3)
482 3751 521 3804 Gl’
542 3751 700 3816 richmer,
728 3751 770 3804 BD
792 3753 922 3816 rigmos.
942 3777 974 3787 -
992 3751 1063 3818 ⁴)ss
1087 3769 1173 3806 com-
