2506 4254
172 280 234 338 246
486 277 713 342 DISTINCTIO
732 279 894 342 DECIMA

527 468 760 531 CAPITULUM
790 471 857 531 XL.

213 592 287 651 Item
310 591 346 650 dc
366 589 501 652 ombus
522 610 600 668 quoe
620 596 701 652 visae
722 600 793 652 sunt
814 592 914 651 eodem
936 598 1062 669 tempore
1080 594 1154 652 totu

253 737 255 742 .
369 711 374 717 -
435 677 589 738 muniam
617 681 650 738 a
669 679 742 738 aaa
762 679 952 754 Ηιαεηᾱοψ.

240 797 349 860 Retulit
375 797 444 857 mibi
472 797 614 875 quaedam
641 798 747 858 femina
773 798 907 876 religiosa
931 797 987 859 boc
1014 815 1101 872 anno,
1124 795 1184 872 quod

176 884 290 945 modico
322 890 450 961 tempore
481 891 548 946 ante
576 887 669 945 crucis
695 885 951 962 praedicationem,
983 886 1013 944 in
1039 884 1103 944 villa
1127 899 1184 960 quae

109 1038 114 1044 ⁴
175 971 329 1049 Ellendorp
341 969 358 1051 ¹)
381 971 490 1047 dicitur,
509 989 568 1031 non
590 972 711 1032 multum
732 972 840 1032 distms
861 990 880 1032 a
902 971 1035 1048 Colonia,
1054 976 1116 1047 post
1133 969 1184 1029 sois

177 1075 312 1119 oceasum
327 1057 399 1118 duas
420 1074 519 1118 cruces
530 1057 672 1118 videritin
688 1076 763 1133 acre,
783 1077 871 1118 unam
884 1061 1029 1136 maiorem,
1050 1065 1078 1118 ct
1089 1057 1184 1117 alteran

176 1147 330 1221 minorem,
359 1161 433 1220 quae
460 1145 599 1221 paulatim
619 1147 657 1205 ab
679 1145 826 1206 occidente
847 1147 1038 1206 movebantur
1056 1144 1092 1204 ad
1110 1145 1184 1202 orien-

177 1238 244 1292 tem.
286 1232 396 1291 Volens
416 1231 523 1292 habere
543 1238 632 1292 testes
652 1234 724 1292 tanti
738 1232 874 1307 miraculi,
895 1231 1036 1309 quosdam
1051 1230 1185 1300 advocarit,

178 1321 227 1395 qui
249 1321 279 1378 et
297 1320 351 1395 ipsi
372 1317 533 1378 videmnt.
555 1319 666 1380 Similes
687 1321 810 1378 visiones
831 1321 946 1378 memini
967 1335 1014 1379 me
1035 1318 1130 1377 dixisse
1146 1331 1185 1374 su·

177 1407 271 1481 pertus
292 1406 321 1464 in
343 1405 520 1466 distinctione
542 1412 645 1466 octava
667 1406 791 1481 capitulo
814 1405 923 1466 decimo
937 1407 1067 1482 septimo,
1086 1417 1185 1463 necnon

179 1499 207 1552 et
235 1491 345 1552 decimo
367 1499 484 1552 octavo:
515 1495 607 1569 primo
630 1492 665 1552 de
688 1491 800 1552 duobus
821 1494 965 1553 conversis
987 1493 1035 1568 qui
1056 1491 1186 1550 Dominum

177 1577 310 1638 viderunt
336 1581 377 1644 in,
399 1597 465 1639 aere
491 1579 665 1656 pendentem
691 1581 723 1637 in
750 1595 847 1658 cruce;
877 1578 979 1639 deinde
1001 1579 1037 1639 de
1057 1575 1186 1652 Rudolpho

178 1682 317 1728 converso
340 1665 375 1726 de
396 1665 498 1727 Lucka
519 1668 568 1743 qui
590 1665 735 1726 Christum
756 1665 828 1726 vidit
848 1665 1015 1726 crucifixum
1035 1667 1064 1724 in
1086 1679 1150 1738 acro,
1166 1668 1186 1720 ct

179 1753 340 1829 quindecim
368 1770 434 1812 cum
456 1770 500 1814 eo.
542 1751 621 1812 Audi
641 1751 736 1812 adhuc
756 1751 983 1813 miraculumda
1004 1768 1069 1813 aere
1088 1751 1186 1822 iactum,
1238 1801 1239 1832 ,

78 1895 82 1912 ,
178 1839 300 1901 terribile
322 1839 449 1900 valde*

524 2030 757 2094 CAPITULUM
786 2031 867 2092 XLI.

250 2133 396 2215 Danube
417 2172 495 2231 quoe
515 2157 547 2214 in
567 2155 703 2215 Saconto
724 2155 830 2214 codena
851 2155 960 2214 suellos
980 2153 1134 2215 submersit

243 2276 310 2337 Hoc
330 2293 405 2336 anno
426 2278 456 2334 in
477 2275 602 2336 Saxonis
621 2275 715 2336 nubes
734 2277 846 2353 integra
867 2276 903 2336 de
925 2293 991 2336 aere
1016 2275 1117 2337 cadens
1134 2274 1188 2332 into
1239 2283 1240 2300 ¹

178 2362 236 2424 duo
265 2369 417 2438 montana,
444 2363 540 2422 multis
568 2368 628 2422 tam
655 2365 684 2421 in
712 2363 878 2438 corporibus
899 2379 986 2439 quam
1006 2365 1037 2423 in
1056 2363 1135 2422 rebus
1150 2359 1189 2418 inii

180 2450 327 2510 damnosa.
369 2451 469 2509 Tantis
497 2451 571 2509 enim
592 2451 675 2525 aquis
695 2449 877 2524 abundabat,
908 2456 942 2509 ut
962 2447 1188 2510 monasteriumiu

179 2535 254 2597 valle
274 2538 405 2613 proxima
425 2539 511 2596 situm
531 2536 709 2613 pervaderet,
731 2543 760 2596 et
780 2553 894 2596 omnem
915 2537 944 2596 in
966 2554 1001 2597 eo
1022 2539 1138 2598 animam
1155 2533 1188 2590 ri·

179 2630 309 2699 ventem,
337 2625 375 2682 ab
396 2623 512 2683 homine
539 2641 631 2699 usquc
659 2622 697 2682 ad
718 2641 822 2700 pecus,
851 2625 1036 2702 extingueret.
1077 2621 1189 2682 officina

178 2713 288 2785 evertit,
308 2710 512 2786 supellectilem
534 2709 656 2785 devexit,
676 2726 760 2786 sepes
774 2709 912 2770 destruxit
919 2707 950 2789 ²).
993 2709 1121 2787 Quinque
1138 2713 1188 2766 tau-

178 2805 240 2857 tum
268 2797 400 2856 monachi
427 2799 456 2856 in
484 2797 583 2855 tumim
610 2797 765 2874 fugientes,
793 2813 829 2856 ex
856 2795 988 2857 omnibus
1016 2795 1114 2858 salvati
1132 2797 1188 2853 sunt

178 2885 308 2944 Vocatur
330 2890 426 2944 autem
454 2883 530 2944 idem
561 2885 764 2943 monasterium
785 2883 1035 2961 Winendenburg,
1063 2889 1091 2943 et
1109 2886 1146 2942 est
1162 2875 1188 2934 dc

178 2971 276 3030 ordine
304 2971 465 3047 Nigrorum.
514 2969 627 3030 Deinde
655 2969 731 3040 idern
760 2976 868 3030 torrens
896 2969 1078 3030 intolerabilis
1102 2971 1189 3042 impetu

179 3074 231 3116 suo
246 3060 390 3117 civitatem
411 3059 535 3117 vicinam
556 3056 702 3132 invadens,
725 3057 805 3116 cuius
827 3055 1001 3117 vocabulum
1022 3063 1065 3118 est
1079 3045 1190 3128 Islcvcl,

182 3142 282 3204 similia
307 3144 347 3204 ibi
369 3151 503 3221 operatus
526 3150 569 3203 est
589 3143 675 3204 mala.
718 3141 882 3219 Omnesque
904 3143 1053 3218 ecclesias,
1079 3153 1188 3202 necnon

181 3239 209 3290 ct
231 3233 327 3289 omnia
348 3232 469 3290 civitatis
489 3229 656 3290 habitacula
676 3229 814 3289 violenter
834 3231 958 3303 intravit,
977 3230 1103 3289 homines
1120 3232 1190 3300 atque

179 3319 307 3376 iumenta
327 3317 487 3377 submersit.
528 3317 566 3375 Et
588 3318 660 3392 quia·
671 3316 736 3377 Deo
757 3333 815 3376 non
837 3323 881 3376 est
901 3334 971 3376 cura
991 3317 1027 3376 de
1047 3316 1133 3376 bobus
1149 3305 1190 3368 scd

181 3403 217 3463 de
229 3403 558 3480 hominibus,'magnnm
580 3409 608 3463 et
625 3406 763 3462 memoria
777 3399 894 3480 dignum
914 3405 944 3462 in
957 3404 1099 3464 suffocatis
1110 3405 1191 3458 ostou-

180 3490 247 3551 dere
276 3489 409 3566 dignatus
438 3497 482 3549 est
507 3491 683 3550 miraculum.
725 3489 800 3549 Nam
821 3507 921 3550 omnes
940 3483 981 3549 illi
1002 3492 1050 3567 qui
1068 3487 1190 3548 unroco

180 3577 287 3638 diluvio
315 3579 344 3636 in
374 3575 499 3636 ecclesiis
520 3573 610 3657 siuet)
639 3576 770 3637 domibus
801 3579 905 3654 reperti
925 3583 1007 3652 sunt,
1037 3579 1115 3636 niveo
1134 3587 1190 3632 oau-

197 3765 229 3834 1)
247 3763 265 3816 P
283 3761 495 3830 llellendorp,
518 3770 547 3814 ut
568 3763 595 3814 in
613 3762 693 3814 titulo.
713 3792 744 3803 -
764 3761 835 3831 2)ss
853 3762 1012 3816 detraxit.
1030 3792 1061 3803 -
1079 3755 1190 3831 Μὴ

248 3834 307 3898 ben,
324 3833 367 3886 nbi
383 3833 433 3886 lroc
450 3833 556 3901 contigit
572 3847 639 3884 anno
658 3831 734 3885 1222.
753 3861 784 3873 -
804 3833 836 3902 t)
854 3831 876 3886 Ε
893 3833 923 3886 in
941 3831 1092 3888 domibus.
