2608 4252
436 306 491 370 DE
515 305 672 372 SANOTA
692 307 834 370 MARIA.
1133 315 1151 371 9

114 443 141 496 ct
161 438 223 495 sine
248 437 325 494 omni
347 433 569 494 contradictione
590 431 760 506 tradidisset,
786 439 815 492 et
836 439 902 492 aute
922 435 1010 510 ipsius
1032 441 1154 495 mortem
1222 499 1227 506 ,

114 523 214 582 domus
226 539 301 598 qnae
312 527 431 580 vocatur
441 522 537 581 Locus
551 527 667 580 sanctae
681 519 792 579 Mariae
805 526 967 579 constructa
980 521 1087 596 suisset,
1101 523 1154 581 siri
1232 577 1236 584 .

114 608 230 686 quidam
243 609 354 668 nobiles
376 625 412 667 ex
426 611 487 667 eius
502 610 630 685 cognatis
650 613 717 683 post
732 609 793 676 cius
808 613 929 666 mortem
951 615 1050 666 eontra
1061 611 1153 668 insiu-

113 695 236 756 randum
256 698 413 770 venientes,
434 694 555 756 eandem
573 693 717 754 novellam
738 694 944 770 plantationem
964 695 1155 770 querimoniis,

113 786 204 859 minis,
232 785 340 859 rapinis
361 782 514 858 multisque
531 782 594 840 aliis
615 780 801 840 incommodis
822 781 973 840 molestare
992 790 1154 857 coeperunt.

111 870 221 930 Sancta
235 887 305 929 vero
319 870 376 929 Dei
390 869 519 928 Genitrix
531 870 621 946 Virgo
633 868 735 943 Maria,
757 867 884 927 eiusdem
897 868 1027 927 coenobii
1040 868 1156 929 domina

113 963 141 1016 et
155 956 309 1030 advocata,
329 959 402 1015 sicut
423 973 442 1014 a
462 955 559 1014 multis
577 955 731 1030 dicebatur,
752 955 808 1014 hoc
831 955 908 1030 apud
926 955 1016 1013 filium
1035 957 1101 1032 egit,
1122 963 1156 1014 ut
1219 1013 1224 1023 ,

111 1043 256 1102 Hemicus
271 1042 307 1102 de
320 1042 476 1119 Molsberg‚
498 1044 547 1117 qni
563 1045 734 1119 praecipuus
748 1041 907 1118 videbatur,
922 1041 1108 1116 obsideretur,
1127 1050 1156 1100 et

113 1147 202 1208 snpra
222 1133 300 1189 vires
322 1129 529 1204 damnificatus,
554 1129 591 1188 de
611 1131 726 1204 proprio
749 1135 843 1188 cestro
866 1129 1065 1188 eliminaretur.
1108 1130 1155 1188 De

113 1217 285 1295 Zegcnberg
305 1218 349 1274 vir
369 1217 488 1290 nobilis,
510 1233 529 1274 u
550 1232 606 1291 quo
629 1215 750 1274 multum
772 1216 874 1275 domus
896 1216 1043 1291 praedicta
1064 1233 1155 1276 vexa·

114 1306 208 1378 batur,
232 1322 250 1362 a
271 1319 353 1363 servo
376 1321 428 1362 suo
450 1305 519 1361 satis
533 1302 731 1362 miserabiliter
753 1305 864 1362 occisus
889 1311 939 1361 est.
982 1303 1066 1362 Alius
1089 1305 1154 1378 qui-

115 1389 182 1450 dam
213 1391 250 1449 ad
281 1393 341 1448 eius
371 1389 621 1464 depraedationem
642 1406 811 1465 properans,
840 1392 869 1447 in
890 1393 938 1448 via
961 1393 1070 1466 crepuit
1091 1408 1154 1450 mc·
1247 1399 1254 1414 ⁶

115 1478 178 1537 dius
195 1474 222 1556 ¹).
267 1476 361 1553 Quam
390 1476 546 1534 vindictam
568 1493 634 1534 cum
656 1477 783 1536 audisset
803 1475 876 1535 alins
900 1477 1014 1551 quidam
1035 1478 1155 1552 nobiliS,

114 1581 188 1622 unus
211 1563 248 1622 de
264 1562 459 1638 coheredibus,
481 1565 560 1621 venit
581 1563 619 1621 ad
640 1563 735 1622 locum
748 1567 851 1622 timore
868 1570 1021 1639 correptus,
1044 1563 1155 1624 dicens:

115 1651 243 1710 Domina
263 1667 330 1710 mee
351 1657 451 1709 saneta
471 1649 580 1724 Maria,
602 1651 658 1708 sint
679 1657 730 1708 tua
750 1651 811 1725 tibi,
833 1665 887 1726 ego
908 1655 982 1725 parti
1004 1669 1086 1711 meae
1108 1669 1155 1710 re-

115 1740 230 1796 nuncio.
271 1737 444 1796 Wilhclmns
465 1736 546 1795 miles
569 1737 604 1796 de
625 1733 843 1816 Helpinstein·²),
866 1739 902 1796 ab
925 1755 1013 1797 uxore
1035 1741 1155 1814 instiga-

119 1831 172 1899 tus,
194 1841 270 1900 quee
292 1841 323 1884 se
344 1824 479 1884 heredem
491 1826 702 1899 possessionum
725 1823 890 1883 collatarum
912 1823 1033 1899 dicebat,
1055 1828 1155 1884 curtim

118 1912 265 1972 meliorem
285 1911 432 1986 invadens,
453 1911 552 1969 fratres
573 1911 671 1982 multis
692 1914 823 1986 expensis
848 1911 996 1987 gravabat.
1038 1911 1156 1972 Interim

118 1998 252 2059 sacerdos
274 1997 391 2074 quidam
413 1998 574 2074 religiosus,
605 1999 750 2057 consessor
771 2000 846 2072 eius,
874 2004 958 2057 nocte
981 1999 1105 2074 quadam
1125 2001 1155 2058 in

118 2085 230 2146 Locum
258 2092 375 2145 sanctae
396 2083 508 2145 Mariae
537 2102 569 2143 se
596 2102 648 2160 per
675 2087 769 2144 visum
790 2088 994 2168 transpositum
1014 2085 1099 2160 vidit,
1128 2093 1156 2146 et

118 2191 183 2232 cum
206 2172 324 2248 qnidam
346 2189 382 2231 ex
402 2171 599 2232 sacerdotibus
622 2171 815 2231 celebraturus
838 2178 913 2230 esset
934 2175 1066 2246 missam,
1089 2179 1117 2231 et
1138 2165 1162 2232 a'

117 2259 281 2336 supradicto
304 2259 458 2318 Wilhclmo
478 2258 670 2334 impediretur,
692 2247 738 2318 vir'
758 2258 873 2334 quidam
894 2261 1061 2336 nigerrimus
1082 2259 1156 2320 fuste

116 2347 197 2406 illum
218 2348 360 2422 percussit
388 2353 417 2405 et
445 2345 557 2404 occidit.
600 2345 694 2422 Quem
721 2347 815 2405 visum
845 2364 911 2405 oum
940 2349 965 2404 ei
982 2349 1156 2421 recitasset,
1228 2337 1231 2349 '

117 2451 250 2494 asserens
272 2449 338 2492 eum
358 2435 388 2491 in
410 2433 491 2492 brevi
512 2434 688 2507 moriturum,
709 2435 764 2492 nisi
785 2452 803 2492 a
824 2435 975 2493 vexatione
996 2434 1156 2492 monacho-

117 2538 181 2579 rnm
203 2525 343 2595 cessaret,
370 2519 418 2580 ille
447 2518 567 2578 stimulis
598 2519 769 2595 quotidianis
795 2523 891 2579 uxoris
918 2537 987 2578 suae
1010 2538 1041 2579 se
1063 2524 1157 2598 urgeri

118 2623 311 2683 conquerens,
340 2624 397 2665 non
419 2608 562 2682 acquievit
584 2607 749 2666 consulenti.
793 2606 903 2666 Citatns
923 2607 1023 2666 litteris
1044 2608 1157 2684 papali-

118 2695 182 2770 bus,
204 2711 271 2754 cum
293 2701 368 2754 esset
388 2697 417 2752 in
439 2694 565 2754 violenta
583 2697 773 2770 possessione,
795 2699 823 2752 ct
843 2694 952 2754 iudices
976 2711 1041 2752 cum
1063 2695 1156 2753 advo-

119 2783 189 2841 catis
218 2784 276 2840 iem
304 2784 450 2858 negotium
479 2780 583 2838 diutim
615 2786 849 2856 pertractassent,
881 2779 997 2838 tandem
1028 2782 1157 2854 pertibus

119 2867 190 2927 duos
206 2868 267 2927 dies
281 2867 482 2943 praefixerunt,
502 2885 592 2925 unum
609 2867 787 2927 amicabilem
799 2867 837 2927 ad
852 2865 1088 2944 componendum,
1112 2869 1157 2927 al-

119 2961 212 3014 terum
233 2971 303 3013 vero
325 2954 363 3015 ad
384 2953 561 3032 litigandum.
594 2954 651 3030 Qui
673 2973 738 3014 cum
760 2970 929 3028 componere
951 2970 1011 3032 non·
1032 2962 1158 3030 possent,

120 3041 238 3117 diesque
266 3037 323 3100 tres
352 3041 446 3100 adhuc
474 3048 655 3115 superessent
684 3041 721 3099 ed
747 3039 929 3116 litigandum,
950 3039 1099 3102 lohannes
1122 3043 1157 3101 de

117 3128 284 3188 Horicheim
310 3129 339 3186 in
360 3129 459 3188 Veteri
481 3127 581 3186 Monte
603 3123 802 3207 conversus³),
831 3128 961 3202 proxima
981 3135 1065 3188 nocte
1087 3130 1158 3188 vidit

118 3233 150 3276 se
164 3219 194 3274 in
209 3217 315 3276 somnis
333 3232 395 3274 csse
408 3217 438 3274 in
455 3213 534 3276 Loco
549 3222 667 3274 sanetae
680 3213 799 3289 Mariae,
820 3213 938 3274 audiens
951 3218 1044 3292 ipsam
1057 3218 1157 3292 Virgi-

138 3401 168 3471 1)
185 3401 243 3455 Act.
263 3401 287 3464 1,
305 3399 346 3452 ts.
364 3399 484 3452 llomilia:
514 3400 634 3466 ,Quidam
653 3399 749 3452 illorum
767 3399 799 3451 de
818 3402 869 3452 suis
887 3403 975 3453 castris
994 3403 1068 3454 eiecti
1086 3412 1157 3464 sunt3

188 3471 252 3522 elius
263 3470 437 3521 miserabiliter
455 3471 517 3520 sutis
534 3469 622 3522 lancea
641 3486 774 3538 percussus
793 3479 844 3533 est3
862 3470 925 3522 nlius
943 3487 998 3522 cum
1017 3471 1049 3522 ad
1067 3471 1156 3523 damna

187 3539 277 3595 domus
289 3548 397 3592 onustus
410 3548 567 3607 properaret,
584 3542 610 3591 in
628 3543 668 3592 via
681 3541 816 3592 suffocatus
832 3543 928 3608 crepuit
945 3539 1049 3592 medius.
1085 3542 1157 3594 Unde

189 3608 288 3679 qnidam
312 3609 402 3661 nobilis
426 3619 454 3661 et
475 3612 530 3677 ipse
553 3610 627 3662 lieres
650 3610 683 3661 ad
700 3612 877 3662 monasterium
896 3613 1014 3672 veniens,
1037 3613 1084 3662 iuri
1111 3627 1157 3662 suo

188 3679 386 3744 abrmuneiavit,
403 3678 504 3730 dicens:
523 3678 611 3744 Video,
629 3678 696 3748 quod
708 3680 828 3733 Dominus
846 3690 872 3732 et
889 3679 964 3731 beata
982 3682 1035 3731 eius
1047 3681 1158 3732 Genitrir

186 3751 311 3816 imperent
329 3745 374 3818 pro
392 3749 478 3811 vobis3
501 3763 551 3800 non
569 3763 616 3802 vos
634 3749 738 3817 amplius
756 3749 926 3818 inquietabo.“
947 3778 977 3788 -
997 3749 1029 3816 2)
1046 3749 1158 3816 Helpcn·

188 3819 254 3870 stein
272 3817 445 3870 tilecastrum
463 3816 510 3870 sub
521 3817 736 3871 Ebrenbreitstcin
754 3835 785 3870 cx
803 3822 920 3887 opposito
932 3817 1111 3870 confluentiae.
1125 3849 1155 3860 -

188 3888 221 3957 3]
230 3889 359 3955 „spiritum
369 3887 412 3940 be¹
500 3902 515 3903 ‘⁷
540 3887 546 3904 '
568 3889 672 3951 ‘'icum“
682 3897 710 3940 ut
720 3885 780 3941 dicit
791 3899 878 3940 orietur
886 3891 911 3938 iu
921 3887 968 3937 vit.
975 3883 1080 3952 Engelb.
1092 3887 1113 3936 1¹
1134 3890 1145 3896 “

845 3957 897 4034 1*
