<?xml version="1.0" encoding="UTF-8"?>
<!DOCTYPE html PUBLIC "-//W3C//DTD XHTML 1.0 Transitional//EN"
    "http://www.w3.org/TR/xhtml1/DTD/xhtml1-transitional.dtd">
<html xmlns="http://www.w3.org/1999/xhtml" xml:lang="en" lang="en">
 <head>
  <title>
</title>
<meta http-equiv="Content-Type" content="text/html;charset=utf-8" />
  <meta name='ocr-system' content='tesseract 3.04.00' />
  <meta name='ocr-capabilities' content='ocr_page ocr_carea ocr_par ocr_line ocrx_word'/>
</head>
<body>
  <div class='ocr_page' id='page_1' title='image "./caesariiheister02stragoog_0111.png"; bbox 0 0 2512 4254; ppageno 0'>
   <div class='ocr_carea' id='block_1_1' title="bbox 165 291 889 356">
    <p class='ocr_par' dir='ltr' id='par_1_1' title="bbox 165 291 889 356">
     <span class='ocr_line' id='line_1_1' title="bbox 165 291 889 356; baseline 0.001 -1"><span class='ocrx_word' id='word_1_1' title='bbox 165 295 226 356; x_wconf 91' lang='grc'><strong>100</strong></span> <span class='ocrx_word' id='word_1_2' title='bbox 473 291 701 355; x_wconf 75' lang='lat' dir='ltr'><strong>nisrmcmo</strong></span> <span class='ocrx_word' id='word_1_3' title='bbox 723 291 889 356; x_wconf 76' lang='lat' dir='ltr'><strong>OCTAVA</strong></span> 
     </span>
    </p>
   </div>
   <div class='ocr_carea' id='block_1_2' title="bbox 160 414 1185 582">
    <p class='ocr_par' dir='ltr' id='par_1_2' title="bbox 160 414 1185 582">
     <span class='ocr_line' id='line_1_2' title="bbox 162 414 1185 494; baseline 0.002 -17"><span class='ocrx_word' id='word_1_4' title='bbox 162 414 297 492; x_wconf 81' lang='lat' dir='ltr'><strong>cmciiixi,</strong></span> <span class='ocrx_word' id='word_1_5' title='bbox 316 421 429 475; x_wconf 89' lang='lat' dir='ltr'><strong>tantum</strong></span> <span class='ocrx_word' id='word_1_6' title='bbox 448 417 475 476; x_wconf 90' lang='lat' dir='ltr'><strong>ei</strong></span> <span class='ocrx_word' id='word_1_7' title='bbox 495 415 608 477; x_wconf 91' lang='lat' dir='ltr'><strong>luminis</strong></span> <span class='ocrx_word' id='word_1_8' title='bbox 629 417 778 494; x_wconf 88' lang='lat' dir='ltr'><strong>praestitit,</strong></span> <span class='ocrx_word' id='word_1_9' title='bbox 797 417 880 476; x_wconf 85' lang='lat' dir='ltr'><strong>utin</strong></span> <span class='ocrx_word' id='word_1_10' title='bbox 901 415 1026 479; x_wconf 84' lang='lat' dir='ltr'><strong>tenebris</strong></span> <span class='ocrx_word' id='word_1_11' title='bbox 1045 416 1120 480; x_wconf 88' lang='lat' dir='ltr'><strong>illius</strong></span> <span class='ocrx_word' id='word_1_12' title='bbox 1138 417 1185 479; x_wconf 84' lang='lat' dir='ltr'><strong>lrs·</strong></span> 
     </span>
     <span class='ocr_line' id='line_1_3' title="bbox 160 501 1185 582; baseline 0.003 -20"><span class='ocrx_word' id='word_1_13' title='bbox 160 503 263 564; x_wconf 91' lang='lat' dir='ltr'><strong>neiicio</strong></span> <span class='ocrx_word' id='word_1_14' title='bbox 291 503 418 579; x_wconf 84' lang='lat' dir='ltr'><strong>psalmos</strong></span> <span class='ocrx_word' id='word_1_15' title='bbox 450 519 519 562; x_wconf 89' lang='lat' dir='ltr'><strong>suos</strong></span> <span class='ocrx_word' id='word_1_16' title='bbox 546 503 662 580; x_wconf 88' lang='lat' dir='ltr'><strong>legeret.</strong></span> <span class='ocrx_word' id='word_1_17' title='bbox 704 501 757 563; x_wconf 85' lang='lat' dir='ltr'><strong>list</strong></span> <span class='ocrx_word' id='word_1_18' title='bbox 785 517 871 580; x_wconf 88' lang='lat' dir='ltr'><strong>super</strong></span> <span class='ocrx_word' id='word_1_19' title='bbox 894 505 971 565; x_wconf 92' lang='lat' dir='ltr'><strong>idem</strong></span> <span class='ocrx_word' id='word_1_20' title='bbox 991 503 1082 566; x_wconf 86' lang='lat' dir='ltr'><strong>altare</strong></span> <span class='ocrx_word' id='word_1_21' title='bbox 1101 506 1185 582; x_wconf 86' lang='lat' dir='ltr'><strong>imago</strong></span> 
     </span>
    </p>
   </div>
   <div class='ocr_carea' id='block_1_3' title="bbox 115 589 1186 670">
    <p class='ocr_par' dir='ltr' id='par_1_3' title="bbox 115 589 1186 670">
     <span class='ocr_line' id='line_1_4' title="bbox 115 589 1186 670; baseline 0.001 -20"><span class='ocrx_word' id='word_1_22' title='bbox 115 607 120 626; x_wconf 69' lang='lat'>⁸</span> <span class='ocrx_word' id='word_1_23' title='bbox 161 591 264 650; x_wconf 75' lang='lat' dir='ltr'><strong>baama</strong></span> <span class='ocrx_word' id='word_1_24' title='bbox 280 590 406 667; x_wconf 88' lang='lat' dir='ltr'><strong>Virginis</strong></span> <span class='ocrx_word' id='word_1_25' title='bbox 423 589 527 667; x_wconf 85' lang='lat' dir='ltr'><strong>lignea,</strong></span> <span class='ocrx_word' id='word_1_26' title='bbox 545 589 636 652; x_wconf 89' lang='lat' dir='ltr'><strong>filiurn</strong></span> <span class='ocrx_word' id='word_1_27' title='bbox 657 595 757 650; x_wconf 88' lang='lat' dir='ltr'><strong>tenens</strong></span> <span class='ocrx_word' id='word_1_28' title='bbox 777 592 807 650; x_wconf 94' lang='lat' dir='ltr'><strong>in</strong></span> <span class='ocrx_word' id='word_1_29' title='bbox 828 595 902 652; x_wconf 85' lang='lat' dir='ltr'><strong>sinu</strong></span> <span class='ocrx_word' id='word_1_30' title='bbox 945 589 1075 670; x_wconf 78' lang='lat' dir='ltr'><strong>Cumque</strong></span> <span class='ocrx_word' id='word_1_31' title='bbox 1096 593 1186 654; x_wconf 85' lang='lat' dir='ltr'><strong>endem</strong></span> 
     </span>
    </p>
   </div>
   <div class='ocr_carea' id='block_1_4' title="bbox 159 675 1186 1102">
    <p class='ocr_par' dir='ltr' id='par_1_4' title="bbox 159 675 1186 1102">
     <span class='ocr_line' id='line_1_5' title="bbox 160 675 1186 754; baseline 0.001 -17"><span class='ocrx_word' id='word_1_32' title='bbox 160 677 382 738; x_wconf 82' lang='lat' dir='ltr'><strong>sanctimonialis</strong></span> <span class='ocrx_word' id='word_1_33' title='bbox 397 683 523 754; x_wconf 88' lang='lat' dir='ltr'><strong>tempore</strong></span> <span class='ocrx_word' id='word_1_34' title='bbox 539 675 772 752; x_wconf 87' lang='lat' dir='ltr'><strong>quodamcoram</strong></span> <span class='ocrx_word' id='word_1_35' title='bbox 793 677 842 738; x_wconf 90' lang='lat' dir='ltr'><strong>illa</strong></span> <span class='ocrx_word' id='word_1_36' title='bbox 863 677 1029 754; x_wconf 81' lang='lat' dir='ltr'><strong>psalterium</strong></span> <span class='ocrx_word' id='word_1_37' title='bbox 1049 679 1186 752; x_wconf 83' lang='lat' dir='ltr'><strong>lectitaret,</strong></span> 
     </span>
     <span class='ocr_line' id='line_1_6' title="bbox 160 762 1186 842; baseline -0.001 -18"><span class='ocrx_word' id='word_1_38' title='bbox 160 764 296 842; x_wconf 89' lang='lat' dir='ltr'><strong>puemlus</strong></span> <span class='ocrx_word' id='word_1_39' title='bbox 317 766 461 840; x_wconf 92' lang='lat' dir='ltr'><strong>inopinate</strong></span> <span class='ocrx_word' id='word_1_40' title='bbox 483 762 614 838; x_wconf 82' lang='lat' dir='ltr'><strong>advenit,</strong></span> <span class='ocrx_word' id='word_1_41' title='bbox 639 770 668 824; x_wconf 86' lang='lat' dir='ltr'><strong>et</strong></span> <span class='ocrx_word' id='word_1_42' title='bbox 689 765 772 840; x_wconf 88' lang='lat' dir='ltr'><strong>quasi</strong></span> <span class='ocrx_word' id='word_1_43' title='bbox 793 767 865 824; x_wconf 88' lang='lat' dir='ltr'><strong>scire</strong></span> <span class='ocrx_word' id='word_1_44' title='bbox 887 763 974 824; x_wconf 85' lang='lat' dir='ltr'><strong>vellet</strong></span> <span class='ocrx_word' id='word_1_45' title='bbox 994 764 1064 840; x_wconf 90' lang='lat' dir='ltr'><strong>quid</strong></span> <span class='ocrx_word' id='word_1_46' title='bbox 1083 765 1133 826; x_wconf 83' lang='lat' dir='ltr'><strong>illa</strong></span> <span class='ocrx_word' id='word_1_47' title='bbox 1148 766 1186 824; x_wconf 90' lang='lat' dir='ltr'><strong>la-</strong></span> 
     </span>
     <span class='ocr_line' id='line_1_7' title="bbox 159 849 1186 930; baseline 0.001 -19"><span class='ocrx_word' id='word_1_48' title='bbox 159 857 254 930; x_wconf 87' lang='lat' dir='ltr'><strong>geret,</strong></span> <span class='ocrx_word' id='word_1_49' title='bbox 282 853 312 909; x_wconf 92' lang='lat' dir='ltr'><strong>in</strong></span> <span class='ocrx_word' id='word_1_50' title='bbox 336 849 440 910; x_wconf 91' lang='lat' dir='ltr'><strong>libmm</strong></span> <span class='ocrx_word' id='word_1_51' title='bbox 461 853 586 926; x_wconf 84' lang='lat' dir='ltr'><strong>respexit</strong></span> <span class='ocrx_word' id='word_1_52' title='bbox 608 855 636 910; x_wconf 93' lang='lat' dir='ltr'><strong>et</strong></span> <span class='ocrx_word' id='word_1_53' title='bbox 657 849 749 912; x_wconf 89' lang='lat' dir='ltr'><strong>rediit.</strong></span> <span class='ocrx_word' id='word_1_54' title='bbox 790 849 844 910; x_wconf 88' lang='lat' dir='ltr'><strong>Est</strong></span> <span class='ocrx_word' id='word_1_55' title='bbox 864 857 962 911; x_wconf 87' lang='lat' dir='ltr'><strong>autem</strong></span> <span class='ocrx_word' id='word_1_56' title='bbox 984 849 1086 912; x_wconf 87' lang='lat' dir='ltr'><strong>eadem</strong></span> <span class='ocrx_word' id='word_1_57' title='bbox 1107 869 1186 914; x_wconf 88' lang='lat' dir='ltr'><strong>vene·</strong></span> 
     </span>
     <span class='ocr_line' id='line_1_8' title="bbox 160 933 1186 1014; baseline 0.002 -18"><span class='ocrx_word' id='word_1_58' title='bbox 160 937 256 998; x_wconf 85' lang='lat' dir='ltr'><strong>rabilis</strong></span> <span class='ocrx_word' id='word_1_59' title='bbox 284 937 389 996; x_wconf 87' lang='lat' dir='ltr'><strong>femina</strong></span> <span class='ocrx_word' id='word_1_60' title='bbox 417 933 490 998; x_wconf 90' lang='lat' dir='ltr'><strong>laica</strong></span> <span class='ocrx_word' id='word_1_61' title='bbox 512 944 541 996; x_wconf 93' lang='lat' dir='ltr'><strong>et</strong></span> <span class='ocrx_word' id='word_1_62' title='bbox 561 937 664 1014; x_wconf 84' lang='lat' dir='ltr'><strong>vidua,</strong></span> <span class='ocrx_word' id='word_1_63' title='bbox 693 937 871 1014; x_wconf 90' lang='lat' dir='ltr'><strong>multumque</strong></span> <span class='ocrx_word' id='word_1_64' title='bbox 893 941 969 1002; x_wconf 90' lang='lat' dir='ltr'><strong>circa</strong></span> <span class='ocrx_word' id='word_1_65' title='bbox 991 933 1118 1000; x_wconf 84' lang='lat' dir='ltr'><strong>ordinem</strong></span> <span class='ocrx_word' id='word_1_66' title='bbox 1137 935 1186 1000; x_wconf 84' lang='lat' dir='ltr'><strong>fer-</strong></span> 
     </span>
     <span class='ocr_line' id='line_1_9' title="bbox 159 1021 1074 1102; baseline 0.002 -18"><span class='ocrx_word' id='word_1_67' title='bbox 159 1042 230 1085; x_wconf 90' lang='lat' dir='ltr'><strong>vens</strong></span> <span class='ocrx_word' id='word_1_68' title='bbox 251 1039 287 1084; x_wconf 88' lang='lat' dir='ltr'><strong>ac</strong></span> <span class='ocrx_word' id='word_1_69' title='bbox 308 1024 420 1102; x_wconf 71' lang='lat' dir='ltr'><strong>devota,</strong></span> <span class='ocrx_word' id='word_1_70' title='bbox 441 1021 577 1100; x_wconf 82' lang='lat' dir='ltr'><strong>plurimas</strong></span> <span class='ocrx_word' id='word_1_71' title='bbox 598 1021 709 1084; x_wconf 89' lang='lat' dir='ltr'><strong>habens</strong></span> <span class='ocrx_word' id='word_1_72' title='bbox 730 1041 748 1084; x_wconf 85' lang='lat' dir='ltr'><strong>a</strong></span> <span class='ocrx_word' id='word_1_73' title='bbox 768 1024 833 1086; x_wconf 89' lang='lat' dir='ltr'><strong>Deo</strong></span> <span class='ocrx_word' id='word_1_74' title='bbox 856 1025 1074 1089; x_wconf 82' lang='lat' dir='ltr'><strong>consolationes.</strong></span> 
     </span>
    </p>
   </div>
   <div class='ocr_carea' id='block_1_5' title="bbox 494 1211 866 1276">
    <p class='ocr_par' dir='ltr' id='par_1_5' title="bbox 494 1211 866 1276">
     <span class='ocr_line' id='line_1_10' title="bbox 494 1211 866 1276; baseline 0.008 -2"><span class='ocrx_word' id='word_1_75' title='bbox 494 1211 727 1276; x_wconf 80' lang='lat' dir='ltr'>CAPITULUM</span> <span class='ocrx_word' id='word_1_76' title='bbox 747 1211 866 1276; x_wconf 83' lang='lat' dir='ltr'>XXIIL</span> 
     </span>
    </p>
   </div>
   <div class='ocr_carea' id='block_1_6' title="bbox 158 1337 1188 1484">
    <p class='ocr_par' dir='ltr' id='par_1_6' title="bbox 158 1337 1188 1484">
     <span class='ocr_line' id='line_1_11' title="bbox 158 1337 1188 1413; baseline 0.002 -17"><span class='ocrx_word' id='word_1_77' title='bbox 158 1339 206 1396; x_wconf 84' lang='lat' dir='ltr'><strong>Dc</strong></span> <span class='ocrx_word' id='word_1_78' title='bbox 236 1339 352 1397; x_wconf 80' lang='lat' dir='ltr'><strong>novicio</strong></span> <span class='ocrx_word' id='word_1_79' title='bbox 381 1341 464 1396; x_wconf 81' lang='lat' dir='ltr'><strong>ouius</strong></span> <span class='ocrx_word' id='word_1_80' title='bbox 484 1337 581 1413; x_wconf 77' lang='lat' dir='ltr'><strong>fronti</strong></span> <span class='ocrx_word' id='word_1_81' title='bbox 602 1354 677 1397; x_wconf 77' lang='lat' dir='ltr'><strong>cruc</strong></span> <span class='ocrx_word' id='word_1_82' title='bbox 697 1341 839 1412; x_wconf 79' lang='lat' dir='ltr'><strong>inrpresaa</strong></span> <span class='ocrx_word' id='word_1_83' title='bbox 861 1339 920 1412; x_wconf 83' lang='lat' dir='ltr'><strong>eat,</strong></span> <span class='ocrx_word' id='word_1_84' title='bbox 946 1351 1015 1398; x_wconf 83' lang='lat' dir='ltr'><strong>cum</strong></span> <span class='ocrx_word' id='word_1_85' title='bbox 1041 1339 1188 1400; x_wconf 62' lang='lat' dir='ltr'><strong>indicarat</strong></span> 
     </span>
     <span class='ocr_line' id='line_1_12' title="bbox 533 1422 820 1484; baseline 0.003 -2"><span class='ocrx_word' id='word_1_86' title='bbox 533 1424 575 1482; x_wconf 74' lang='lat' dir='ltr'><strong>acl</strong></span> <span class='ocrx_word' id='word_1_87' title='bbox 597 1422 701 1483; x_wconf 68' lang='lat' dir='ltr'><strong>tituta</strong></span> <span class='ocrx_word' id='word_1_88' title='bbox 722 1426 820 1484; x_wconf 80' lang='lat' dir='ltr'><strong>Patri.</strong></span> 
     </span>
    </p>
   </div>
   <div class='ocr_carea' id='block_1_7' title="bbox 155 1541 1199 2231">
    <p class='ocr_par' dir='ltr' id='par_1_7' title="bbox 155 1541 1199 2231">
     <span class='ocr_line' id='line_1_13' title="bbox 220 1541 1186 1623; baseline -0.002 -18"><span class='ocrx_word' id='word_1_89' title='bbox 220 1541 357 1605; x_wconf 86' lang='lat' dir='ltr'><strong>Novioius</strong></span> <span class='ocrx_word' id='word_1_90' title='bbox 380 1543 496 1622; x_wconf 90' lang='lat' dir='ltr'><strong>quidam</strong></span> <span class='ocrx_word' id='word_1_91' title='bbox 524 1543 554 1604; x_wconf 86' lang='lat' dir='ltr'><strong>in</strong></span> <span class='ocrx_word' id='word_1_92' title='bbox 581 1541 794 1604; x_wconf 90' lang='lat' dir='ltr'><strong>Hemmenroda</strong></span> <span class='ocrx_word' id='word_1_93' title='bbox 825 1559 891 1606; x_wconf 88' lang='lat' dir='ltr'><strong>cum</strong></span> <span class='ocrx_word' id='word_1_94' title='bbox 918 1547 983 1606; x_wconf 77' lang='lat' dir='ltr'><strong>rice</strong></span> <span class='ocrx_word' id='word_1_95' title='bbox 1010 1543 1137 1623; x_wconf 84' lang='lat' dir='ltr'><strong>quadam</strong></span> <span class='ocrx_word' id='word_1_96' title='bbox 1161 1545 1186 1604; x_wconf 90' lang='lat' dir='ltr'><strong>in</strong></span> 
     </span>
     <span class='ocr_line' id='line_1_14' title="bbox 157 1629 1186 1710; baseline 0.002 -18"><span class='ocrx_word' id='word_1_97' title='bbox 157 1629 245 1692; x_wconf 88' lang='lat' dir='ltr'><strong>choro</strong></span> <span class='ocrx_word' id='word_1_98' title='bbox 267 1631 305 1692; x_wconf 88' lang='lat' dir='ltr'><strong>ad</strong></span> <span class='ocrx_word' id='word_1_99' title='bbox 326 1632 498 1693; x_wconf 86' lang='lat' dir='ltr'><strong>versiculum</strong></span> <span class='ocrx_word' id='word_1_100' title='bbox 518 1635 636 1708; x_wconf 87' lang='lat' dir='ltr'><strong>sanctae</strong></span> <span class='ocrx_word' id='word_1_101' title='bbox 657 1629 802 1691; x_wconf 82' lang='lat' dir='ltr'><strong>Trinitatis</strong></span> <span class='ocrx_word' id='word_1_102' title='bbox 824 1631 928 1692; x_wconf 87' lang='lat' dir='ltr'><strong>devote</strong></span> <span class='ocrx_word' id='word_1_103' title='bbox 949 1632 1106 1710; x_wconf 81' lang='lat' dir='ltr'><strong>inclinaret,</strong></span> <span class='ocrx_word' id='word_1_104' title='bbox 1128 1647 1186 1694; x_wconf 85' lang='lat' dir='ltr'><strong>oru-</strong></span> 
     </span>
     <span class='ocr_line' id='line_1_15' title="bbox 157 1717 1187 1796; baseline -0.002 -16"><span class='ocrx_word' id='word_1_105' title='bbox 157 1734 221 1780; x_wconf 87' lang='lat' dir='ltr'><strong>cem</strong></span> <span class='ocrx_word' id='word_1_106' title='bbox 251 1717 335 1780; x_wconf 82' lang='lat' dir='ltr'><strong>fronti</strong></span> <span class='ocrx_word' id='word_1_107' title='bbox 364 1735 434 1780; x_wconf 90' lang='lat' dir='ltr'><strong>suae</strong></span> <span class='ocrx_word' id='word_1_108' title='bbox 455 1720 578 1796; x_wconf 87' lang='lat' dir='ltr'><strong>imprimi</strong></span> <span class='ocrx_word' id='word_1_109' title='bbox 606 1717 710 1794; x_wconf 84' lang='lat' dir='ltr'><strong>sensit,</strong></span> <span class='ocrx_word' id='word_1_110' title='bbox 739 1725 767 1778; x_wconf 93' lang='lat' dir='ltr'><strong>et</strong></span> <span class='ocrx_word' id='word_1_111' title='bbox 787 1726 858 1795; x_wconf 91' lang='lat' dir='ltr'><strong>puto</strong></span> <span class='ocrx_word' id='word_1_112' title='bbox 888 1717 965 1794; x_wconf 91' lang='lat' dir='ltr'><strong>qnod</strong></span> <span class='ocrx_word' id='word_1_113' title='bbox 994 1717 1097 1780; x_wconf 89' lang='lat' dir='ltr'><strong>eadem</strong></span> <span class='ocrx_word' id='word_1_114' title='bbox 1122 1719 1187 1780; x_wconf 86' lang='lat' dir='ltr'><strong>hora</strong></span> 
     </span>
     <span class='ocr_line' id='line_1_16' title="bbox 157 1803 1188 1888; baseline -0.004 -19"><span class='ocrx_word' id='word_1_115' title='bbox 157 1807 324 1885; x_wconf 81' lang='lat' dir='ltr'><strong>cogitaverit</strong></span> <span class='ocrx_word' id='word_1_116' title='bbox 356 1807 391 1867; x_wconf 89' lang='lat' dir='ltr'><strong>de</strong></span> <span class='ocrx_word' id='word_1_117' title='bbox 419 1810 561 1882; x_wconf 84' lang='lat' dir='ltr'><strong>passione.</strong></span> <span class='ocrx_word' id='word_1_118' title='bbox 609 1803 739 1866; x_wconf 88' lang='lat' dir='ltr'><strong>Vocatur</strong></span> <span class='ocrx_word' id='word_1_119' title='bbox 766 1813 864 1866; x_wconf 90' lang='lat' dir='ltr'><strong>autern</strong></span> <span class='ocrx_word' id='word_1_120' title='bbox 890 1803 1090 1868; x_wconf 87' lang='lat' dir='ltr'><strong>Hartmannus</strong></span> <span class='ocrx_word' id='word_1_121' title='bbox 1099 1803 1133 1888; x_wconf 89' lang='lat'><strong>¹),</strong></span> <span class='ocrx_word' id='word_1_122' title='bbox 1163 1811 1188 1866; x_wconf 89' lang='lat' dir='ltr'><strong>et</strong></span> 
     </span>
     <span class='ocr_line' id='line_1_17' title="bbox 155 1887 1199 1973; baseline -0.003 -19"><span class='ocrx_word' id='word_1_123' title='bbox 155 1891 252 1954; x_wconf 89' lang='lat' dir='ltr'><strong>adhuc</strong></span> <span class='ocrx_word' id='word_1_124' title='bbox 273 1895 352 1955; x_wconf 90' lang='lat' dir='ltr'><strong>vivit.</strong></span> <span class='ocrx_word' id='word_1_125' title='bbox 395 1891 598 1954; x_wconf 82' lang='lat' dir='ltr'>NOVIOIUS:</span> <span class='ocrx_word' id='word_1_126' title='bbox 621 1889 696 1951; x_wconf 88' lang='lat' dir='ltr'><strong>Puto</strong></span> <span class='ocrx_word' id='word_1_127' title='bbox 710 1892 787 1968; x_wconf 92' lang='lat' dir='ltr'><strong>quod</strong></span> <span class='ocrx_word' id='word_1_128' title='bbox 809 1889 967 1969; x_wconf 88' lang='lat' dir='ltr'><strong>sculptores</strong></span> <span class='ocrx_word' id='word_1_129' title='bbox 976 1887 998 1973; x_wconf 89' lang='lat'><strong>²)</strong></span> <span class='ocrx_word' id='word_1_130' title='bbox 1020 1891 1053 1955; x_wconf 87' lang='lat' dir='ltr'><strong>et&#39;</strong></span> <span class='ocrx_word' id='word_1_131' title='bbox 1070 1889 1199 1972; x_wconf 44' lang='lat' dir='ltr'><strong>pictores*</strong></span> 
     </span>
     <span class='ocr_line' id='line_1_18' title="bbox 155 1975 1188 2059; baseline -0.002 -19"><span class='ocrx_word' id='word_1_132' title='bbox 155 1995 302 2042; x_wconf 85' lang='lat' dir='ltr'><strong>sacrarum</strong></span> <span class='ocrx_word' id='word_1_133' title='bbox 325 1981 481 2057; x_wconf 84' lang='lat' dir='ltr'><strong>imaginum</strong></span> <span class='ocrx_word' id='word_1_134' title='bbox 503 1975 619 2056; x_wconf 90' lang='lat' dir='ltr'><strong>aliquod</strong></span> <span class='ocrx_word' id='word_1_135' title='bbox 641 1977 765 2055; x_wconf 86' lang='lat' dir='ltr'><strong>speciale</strong></span> <span class='ocrx_word' id='word_1_136' title='bbox 784 1981 943 2055; x_wconf 92' lang='lat' dir='ltr'><strong>praemium</strong></span> <span class='ocrx_word' id='word_1_137' title='bbox 965 1996 1001 2040; x_wconf 85' lang='lat' dir='ltr'><strong>ex</strong></span> <span class='ocrx_word' id='word_1_138' title='bbox 1021 1979 1079 2041; x_wconf 90' lang='lat' dir='ltr'><strong>hoc</strong></span> <span class='ocrx_word' id='word_1_139' title='bbox 1100 1979 1188 2059; x_wconf 88' lang='lat' dir='ltr'><strong>peroi-</strong></span> 
     </span>
     <span class='ocr_line' id='line_1_19' title="bbox 155 2061 1188 2144; baseline 0.002 -18"><span class='ocrx_word' id='word_1_140' title='bbox 155 2068 242 2144; x_wconf 90' lang='lat' dir='ltr'><strong>piant.</strong></span> <span class='ocrx_word' id='word_1_141' title='bbox 285 2063 520 2127; x_wconf 82' lang='lat' dir='ltr'>MONACHUS:</span> <span class='ocrx_word' id='word_1_142' title='bbox 542 2063 588 2126; x_wconf 88' lang='lat' dir='ltr'><strong>Da</strong></span> <span class='ocrx_word' id='word_1_143' title='bbox 610 2065 666 2126; x_wconf 90' lang='lat' dir='ltr'><strong>hoc</strong></span> <span class='ocrx_word' id='word_1_144' title='bbox 689 2063 818 2126; x_wconf 83' lang='lat' dir='ltr'><strong>dubitare</strong></span> <span class='ocrx_word' id='word_1_145' title='bbox 840 2080 898 2126; x_wconf 90' lang='lat' dir='ltr'><strong>non</strong></span> <span class='ocrx_word' id='word_1_146' title='bbox 920 2061 1024 2144; x_wconf 87' lang='lat' dir='ltr'><strong>debes,</strong></span> <span class='ocrx_word' id='word_1_147' title='bbox 1051 2067 1188 2130; x_wconf 81' lang='lat' dir='ltr'><strong>adtamen</strong></span> 
     </span>
     <span class='ocr_line' id='line_1_20' title="bbox 155 2151 1028 2231; baseline 0.001 -18"><span class='ocrx_word' id='word_1_148' title='bbox 155 2153 247 2231; x_wconf 90' lang='lat' dir='ltr'><strong>magis</strong></span> <span class='ocrx_word' id='word_1_149' title='bbox 267 2155 305 2214; x_wconf 90' lang='lat' dir='ltr'><strong>sit</strong></span> <span class='ocrx_word' id='word_1_150' title='bbox 326 2151 449 2229; x_wconf 86' lang='lat' dir='ltr'><strong>devotio,</strong></span> <span class='ocrx_word' id='word_1_151' title='bbox 471 2165 559 2230; x_wconf 87' lang='lat' dir='ltr'><strong>quam</strong></span> <span class='ocrx_word' id='word_1_152' title='bbox 580 2151 701 2213; x_wconf 83' lang='lat' dir='ltr'><strong>avaritia</strong></span> <span class='ocrx_word' id='word_1_153' title='bbox 720 2153 860 2214; x_wconf 88' lang='lat' dir='ltr'><strong>mercedis</strong></span> <span class='ocrx_word' id='word_1_154' title='bbox 879 2153 909 2212; x_wconf 91' lang='lat' dir='ltr'><strong>in</strong></span> <span class='ocrx_word' id='word_1_155' title='bbox 931 2167 1028 2214; x_wconf 86' lang='lat' dir='ltr'><strong>causa.</strong></span> 
     </span>
    </p>
   </div>
   <div class='ocr_carea' id='block_1_8' title="bbox 225 2339 1164 2544">
    <p class='ocr_par' dir='ltr' id='par_1_8' title="bbox 225 2339 1164 2544">
     <span class='ocr_line' id='line_1_21' title="bbox 487 2339 861 2409; baseline -0.005 -1"><span class='ocrx_word' id='word_1_156' title='bbox 487 2339 720 2409; x_wconf 79' lang='lat' dir='ltr'>CAPITULUM</span> <span class='ocrx_word' id='word_1_157' title='bbox 743 2341 861 2406; x_wconf 82' lang='lat' dir='ltr'>XXIV.</span> 
     </span>
     <span class='ocr_line' id='line_1_22' title="bbox 225 2467 1164 2544; baseline 0.003 -18"><span class='ocrx_word' id='word_1_158' title='bbox 225 2467 438 2527; x_wconf 72' lang='lat' dir='ltr'><strong>Demonacte</strong></span> <span class='ocrx_word' id='word_1_159' title='bbox 456 2471 569 2543; x_wconf 62' lang='lat' dir='ltr'><strong>pctore</strong></span> <span class='ocrx_word' id='word_1_160' title='bbox 591 2472 643 2544; x_wconf 82' lang='lat' dir='ltr'><strong>qut</strong></span> <span class='ocrx_word' id='word_1_161' title='bbox 663 2472 696 2527; x_wconf 81' lang='lat' dir='ltr'><strong>ia</strong></span> <span class='ocrx_word' id='word_1_162' title='bbox 716 2467 905 2528; x_wconf 80' lang='lat' dir='ltr'><strong>Pcraaohcoc</strong></span> <span class='ocrx_word' id='word_1_163' title='bbox 923 2474 1063 2528; x_wconf 75' lang='lat' dir='ltr'><strong>mortuus</strong></span> <span class='ocrx_word' id='word_1_164' title='bbox 1084 2475 1135 2528; x_wconf 80' lang='lat' dir='ltr'><strong>att.</strong></span> <span class='ocrx_word' id='word_1_165' title='bbox 1162 2499 1164 2504; x_wconf 88' lang='lat'><em>·</em></span> 
     </span>
    </p>
   </div>
   <div class='ocr_carea' id='block_1_9' title="bbox 152 2585 1191 3708">
    <p class='ocr_par' dir='ltr' id='par_1_9' title="bbox 152 2585 1191 3708">
     <span class='ocr_line' id='line_1_23' title="bbox 217 2585 1189 2668; baseline -0.001 -20"><span class='ocrx_word' id='word_1_166' title='bbox 217 2587 379 2650; x_wconf 85' lang='lat' dir='ltr'><strong>Monachus</strong></span> <span class='ocrx_word' id='word_1_167' title='bbox 409 2587 524 2668; x_wconf 89' lang='lat' dir='ltr'><strong>qnidam</strong></span> <span class='ocrx_word' id='word_1_168' title='bbox 553 2591 626 2668; x_wconf 85' lang='lat' dir='ltr'><strong>nigri</strong></span> <span class='ocrx_word' id='word_1_169' title='bbox 654 2590 760 2649; x_wconf 89' lang='lat' dir='ltr'><strong>ordinis</strong></span> <span class='ocrx_word' id='word_1_170' title='bbox 789 2589 824 2649; x_wconf 90' lang='lat' dir='ltr'><strong>de</strong></span> <span class='ocrx_word' id='word_1_171' title='bbox 844 2585 1022 2666; x_wconf 84' lang='lat' dir='ltr'><strong>Episcopatu</strong></span> <span class='ocrx_word' id='word_1_172' title='bbox 1043 2585 1189 2668; x_wconf 74' lang='lat' dir='ltr'><strong>Maganti-</strong></span> 
     </span>
     <span class='ocr_line' id='line_1_24' title="bbox 153 2673 1189 2762; baseline -0.002 -26"><span class='ocrx_word' id='word_1_173' title='bbox 153 2677 249 2754; x_wconf 87' lang='lat' dir='ltr'><strong>nensi‚</strong></span> <span class='ocrx_word' id='word_1_174' title='bbox 278 2684 344 2739; x_wconf 88' lang='lat' dir='ltr'><strong>ante</strong></span> <span class='ocrx_word' id='word_1_175' title='bbox 371 2693 461 2736; x_wconf 89' lang='lat' dir='ltr'><strong>annos</strong></span> <span class='ocrx_word' id='word_1_176' title='bbox 490 2694 611 2762; x_wconf 80' lang='lat' dir='ltr'><strong>paucos¹</strong></span> <span class='ocrx_word' id='word_1_177' title='bbox 625 2676 775 2737; x_wconf 81' lang='lat' dir='ltr'><strong>defunctus</strong></span> <span class='ocrx_word' id='word_1_178' title='bbox 798 2681 849 2736; x_wconf 88' lang='lat' dir='ltr'><strong>est.</strong></span> <span class='ocrx_word' id='word_1_179' title='bbox 891 2673 962 2736; x_wconf 81' lang='lat' dir='ltr'><strong>Erat</strong></span> <span class='ocrx_word' id='word_1_180' title='bbox 983 2683 1080 2737; x_wconf 90' lang='lat' dir='ltr'><strong>autem</strong></span> <span class='ocrx_word' id='word_1_181' title='bbox 1101 2678 1189 2754; x_wconf 87' lang='lat' dir='ltr'><strong>pictor</strong></span> 
     </span>
     <span class='ocr_line' id='line_1_25' title="bbox 153 2759 1189 2840; baseline -0.003 -16"><span class='ocrx_word' id='word_1_182' title='bbox 153 2765 255 2840; x_wconf 88' lang='lat' dir='ltr'><strong>bonus,</strong></span> <span class='ocrx_word' id='word_1_183' title='bbox 278 2771 306 2826; x_wconf 90' lang='lat' dir='ltr'><strong>et</strong></span> <span class='ocrx_word' id='word_1_184' title='bbox 321 2765 411 2826; x_wconf 91' lang='lat' dir='ltr'><strong>ordini</strong></span> <span class='ocrx_word' id='word_1_185' title='bbox 424 2769 521 2824; x_wconf 89' lang='lat' dir='ltr'><strong>nostro</strong></span> <span class='ocrx_word' id='word_1_186' title='bbox 536 2770 595 2823; x_wconf 89' lang='lat' dir='ltr'><strong>tam</strong></span> <span class='ocrx_word' id='word_1_187' title='bbox 612 2759 741 2838; x_wconf 81' lang='lat' dir='ltr'><strong>devotus,</strong></span> <span class='ocrx_word' id='word_1_188' title='bbox 761 2767 794 2822; x_wconf 89' lang='lat' dir='ltr'><strong>nt</strong></span> <span class='ocrx_word' id='word_1_189' title='bbox 814 2763 911 2840; x_wconf 87' lang='lat' dir='ltr'><strong>gratis,</strong></span> <span class='ocrx_word' id='word_1_190' title='bbox 934 2765 1065 2839; x_wconf 86' lang='lat' dir='ltr'><strong>expensis</strong></span> <span class='ocrx_word' id='word_1_191' title='bbox 1080 2769 1189 2824; x_wconf 89' lang='lat' dir='ltr'><strong>tantum</strong></span> 
     </span>
     <span class='ocr_line' id='line_1_26' title="bbox 153 2848 1190 2930; baseline 0 -22"><span class='ocrx_word' id='word_1_192' title='bbox 153 2855 290 2930; x_wconf 89' lang='lat' dir='ltr'><strong>receptis,</strong></span> <span class='ocrx_word' id='word_1_193' title='bbox 322 2855 352 2912; x_wconf 90' lang='lat' dir='ltr'><strong>in</strong></span> <span class='ocrx_word' id='word_1_194' title='bbox 380 2852 499 2912; x_wconf 87' lang='lat' dir='ltr'><strong>diversis</strong></span> <span class='ocrx_word' id='word_1_195' title='bbox 521 2850 652 2910; x_wconf 91' lang='lat' dir='ltr'><strong>domibus</strong></span> <span class='ocrx_word' id='word_1_196' title='bbox 681 2849 719 2909; x_wconf 91' lang='lat' dir='ltr'><strong>ad</strong></span> <span class='ocrx_word' id='word_1_197' title='bbox 741 2848 854 2909; x_wconf 87' lang='lat' dir='ltr'><strong>diversa</strong></span> <span class='ocrx_word' id='word_1_198' title='bbox 875 2849 976 2910; x_wconf 89' lang='lat' dir='ltr'><strong>altaria</strong></span> <span class='ocrx_word' id='word_1_199' title='bbox 996 2852 1061 2910; x_wconf 93' lang='lat' dir='ltr'><strong>miri</strong></span> <span class='ocrx_word' id='word_1_200' title='bbox 1082 2850 1190 2911; x_wconf 87' lang='lat' dir='ltr'><strong>decoris</strong></span> 
     </span>
     <span class='ocr_line' id='line_1_27' title="bbox 154 2932 1190 3017; baseline -0.001 -21"><span class='ocrx_word' id='word_1_201' title='bbox 154 2938 302 3000; x_wconf 82' lang='lat' dir='ltr'><strong>crucifixos</strong></span> <span class='ocrx_word' id='word_1_202' title='bbox 320 2940 496 3017; x_wconf 86' lang='lat' dir='ltr'><strong>depingeret.</strong></span> <span class='ocrx_word' id='word_1_203' title='bbox 537 2932 612 2998; x_wconf 82' lang='lat' dir='ltr'><strong>Nam</strong></span> <span class='ocrx_word' id='word_1_204' title='bbox 625 2943 738 2996; x_wconf 85' lang='lat' dir='ltr'><strong>nostros</strong></span> <span class='ocrx_word' id='word_1_205' title='bbox 752 2935 902 2996; x_wconf 87' lang='lat' dir='ltr'><strong>crucifixos</strong></span> <span class='ocrx_word' id='word_1_206' title='bbox 917 2939 979 3014; x_wconf 87' lang='lat' dir='ltr'><strong>ipsc</strong></span> <span class='ocrx_word' id='word_1_207' title='bbox 995 2954 1070 3012; x_wconf 88' lang='lat' dir='ltr'><strong>pene</strong></span> <span class='ocrx_word' id='word_1_208' title='bbox 1092 2952 1190 2997; x_wconf 88' lang='lat' dir='ltr'><strong>omnes</strong></span> 
     </span>
     <span class='ocr_line' id='line_1_28' title="bbox 152 3023 1188 3099; baseline 0 -17"><span class='ocrx_word' id='word_1_209' title='bbox 152 3023 240 3099; x_wconf 88' lang='lat' dir='ltr'><strong>fecit,</strong></span> <span class='ocrx_word' id='word_1_210' title='bbox 284 3025 378 3086; x_wconf 80' lang='lat' dir='ltr'><strong>nudas</strong></span> <span class='ocrx_word' id='word_1_211' title='bbox 419 3045 437 3086; x_wconf 92' lang='lat' dir='ltr'><strong>a</strong></span> <span class='ocrx_word' id='word_1_212' title='bbox 468 3025 552 3086; x_wconf 88' lang='lat' dir='ltr'><strong>nobis</strong></span> <span class='ocrx_word' id='word_1_213' title='bbox 595 3027 740 3099; x_wconf 75' lang='lat' dir='ltr'><strong>requuens</strong></span> <span class='ocrx_word' id='word_1_214' title='bbox 776 3039 926 3099; x_wconf 82' lang='lat' dir='ltr'><strong>expensas.</strong></span> <span class='ocrx_word' id='word_1_215' title='bbox 983 3023 1094 3086; x_wconf 88' lang='lat' dir='ltr'><strong>Volaus</strong></span> <span class='ocrx_word' id='word_1_216' title='bbox 1138 3039 1188 3083; x_wconf 88' lang='lat' dir='ltr'><strong>suo</strong></span> 
     </span>
     <span class='ocr_line' id='line_1_29' title="bbox 153 3109 1190 3188; baseline -0.002 -18"><span class='ocrx_word' id='word_1_217' title='bbox 153 3109 301 3188; x_wconf 86' lang='lat' dir='ltr'><strong>effigiatori</strong></span> <span class='ocrx_word' id='word_1_218' title='bbox 314 3111 463 3172; x_wconf 88' lang='lat' dir='ltr'><strong>ostendere</strong></span> <span class='ocrx_word' id='word_1_219' title='bbox 477 3128 605 3171; x_wconf 90' lang='lat' dir='ltr'><strong>summus</strong></span> <span class='ocrx_word' id='word_1_220' title='bbox 626 3110 672 3170; x_wconf 91' lang='lat' dir='ltr'><strong>ille</strong></span> <span class='ocrx_word' id='word_1_221' title='bbox 696 3110 853 3184; x_wconf 84' lang='lat' dir='ltr'><strong>crucifixus,</strong></span> <span class='ocrx_word' id='word_1_222' title='bbox 876 3110 914 3170; x_wconf 92' lang='lat' dir='ltr'><strong>ad</strong></span> <span class='ocrx_word' id='word_1_223' title='bbox 936 3112 1016 3170; x_wconf 89' lang='lat' dir='ltr'><strong>cuius</strong></span> <span class='ocrx_word' id='word_1_224' title='bbox 1036 3111 1190 3188; x_wconf 86' lang='lat' dir='ltr'><strong>imaginem</strong></span> 
     </span>
     <span class='ocr_line' id='line_1_30' title="bbox 153 3197 1189 3275; baseline 0 -19"><span class='ocrx_word' id='word_1_225' title='bbox 153 3211 252 3257; x_wconf 86' lang='lat' dir='ltr'><strong>omnes</strong></span> <span class='ocrx_word' id='word_1_226' title='bbox 272 3197 341 3257; x_wconf 89' lang='lat' dir='ltr'><strong>iacti</strong></span> <span class='ocrx_word' id='word_1_227' title='bbox 361 3213 475 3274; x_wconf 87' lang='lat' dir='ltr'><strong>snmus,</strong></span> <span class='ocrx_word' id='word_1_228' title='bbox 502 3205 642 3275; x_wconf 87' lang='lat' dir='ltr'><strong>quantum</strong></span> <span class='ocrx_word' id='word_1_229' title='bbox 663 3197 717 3257; x_wconf 73' lang='lat' dir='ltr'><strong>edri</strong></span> <span class='ocrx_word' id='word_1_230' title='bbox 736 3197 820 3258; x_wconf 82' lang='lat' dir='ltr'><strong>labor</strong></span> <span class='ocrx_word' id='word_1_231' title='bbox 839 3197 887 3261; x_wconf 90' lang='lat' dir='ltr'><strong>illc</strong></span> <span class='ocrx_word' id='word_1_232' title='bbox 907 3199 1104 3258; x_wconf 66' lang='lat' dir='ltr'><strong>aanotnsimus</strong></span> <span class='ocrx_word' id='word_1_233' title='bbox 1125 3197 1189 3274; x_wconf 85' lang='lat' dir='ltr'><strong>pla·</strong></span> 
     </span>
     <span class='ocr_line' id='line_1_31' title="bbox 152 3280 1189 3364; baseline -0.004 -18"><span class='ocrx_word' id='word_1_234' title='bbox 152 3287 237 3360; x_wconf 81' lang='lat' dir='ltr'><strong>cerei,</strong></span> <span class='ocrx_word' id='word_1_235' title='bbox 258 3285 288 3341; x_wconf 92' lang='lat' dir='ltr'><strong>in</strong></span> <span class='ocrx_word' id='word_1_236' title='bbox 307 3283 497 3361; x_wconf 83' lang='lat' dir='ltr'><strong>Paraseheve‚</strong></span> <span class='ocrx_word' id='word_1_237' title='bbox 519 3285 564 3344; x_wconf 93' lang='lat' dir='ltr'><strong>die</strong></span> <span class='ocrx_word' id='word_1_238' title='bbox 586 3285 694 3345; x_wconf 87' lang='lat' dir='ltr'><strong>scillcet</strong></span> <span class='ocrx_word' id='word_1_239' title='bbox 713 3287 743 3342; x_wconf 92' lang='lat' dir='ltr'><strong>iu</strong></span> <span class='ocrx_word' id='word_1_240' title='bbox 765 3301 823 3360; x_wconf 89' lang='lat' dir='ltr'><strong>qua</strong></span> <span class='ocrx_word' id='word_1_241' title='bbox 845 3280 935 3364; x_wconf 63' lang='lat' dir='ltr'><strong>ainsi)</strong></span> <span class='ocrx_word' id='word_1_242' title='bbox 956 3286 1053 3362; x_wconf 82' lang='lat' dir='ltr'><strong>passio</strong></span> <span class='ocrx_word' id='word_1_243' title='bbox 1075 3284 1189 3360; x_wconf 87' lang='lat' dir='ltr'><strong>specia-</strong></span> 
     </span>
     <span class='ocr_line' id='line_1_32' title="bbox 152 3367 1190 3447; baseline -0.004 -15"><span class='ocrx_word' id='word_1_244' title='bbox 152 3371 216 3432; x_wconf 88' lang='lat' dir='ltr'><strong>liter</strong></span> <span class='ocrx_word' id='word_1_245' title='bbox 234 3377 477 3447; x_wconf 86' lang='lat' dir='ltr'><strong>repraesentatur,</strong></span> <span class='ocrx_word' id='word_1_246' title='bbox 508 3372 588 3430; x_wconf 90' lang='lat' dir='ltr'><strong>illum</strong></span> <span class='ocrx_word' id='word_1_247' title='bbox 608 3385 667 3430; x_wconf 88' lang='lat' dir='ltr'><strong>non</strong></span> <span class='ocrx_word' id='word_1_248' title='bbox 688 3374 748 3431; x_wconf 87' lang='lat' dir='ltr'><strong>sina</strong></span> <span class='ocrx_word' id='word_1_249' title='bbox 770 3370 924 3430; x_wconf 89' lang='lat' dir='ltr'><strong>multomm</strong></span> <span class='ocrx_word' id='word_1_250' title='bbox 945 3371 1133 3430; x_wconf 86' lang='lat' dir='ltr'><strong>admiratione</strong></span> <span class='ocrx_word' id='word_1_251' title='bbox 1155 3367 1190 3429; x_wconf 90' lang='lat' dir='ltr'><strong>de</strong></span> 
     </span>
     <span class='ocr_line' id='line_1_33' title="bbox 153 3456 1190 3535; baseline -0.004 -17"><span class='ocrx_word' id='word_1_252' title='bbox 153 3459 208 3519; x_wconf 90' lang='lat' dir='ltr'><strong>hoc</strong></span> <span class='ocrx_word' id='word_1_253' title='bbox 234 3457 342 3518; x_wconf 90' lang='lat' dir='ltr'><strong>mundo</strong></span> <span class='ocrx_word' id='word_1_254' title='bbox 370 3473 516 3518; x_wconf 82' lang='lat' dir='ltr'><strong>assumere</strong></span> <span class='ocrx_word' id='word_1_255' title='bbox 545 3458 751 3535; x_wconf 84' lang='lat' dir='ltr'><strong>dignatusest</strong></span> <span class='ocrx_word' id='word_1_256' title='bbox 794 3457 883 3534; x_wconf 83' lang='lat' dir='ltr'><strong>Quasi</strong></span> <span class='ocrx_word' id='word_1_257' title='bbox 904 3457 1012 3518; x_wconf 87' lang='lat' dir='ltr'><strong>dicaret</strong></span> <span class='ocrx_word' id='word_1_258' title='bbox 1031 3456 1190 3517; x_wconf 83' lang='lat' dir='ltr'><strong>Dominus:</strong></span> 
     </span>
     <span class='ocr_line' id='line_1_34' title="bbox 154 3544 1191 3623; baseline -0.003 -17"><span class='ocrx_word' id='word_1_259' title='bbox 154 3546 229 3623; x_wconf 88' lang='lat' dir='ltr'><strong>Quia</strong></span> <span class='ocrx_word' id='word_1_260' title='bbox 249 3547 323 3607; x_wconf 84' lang='lat' dir='ltr'><strong>circa</strong></span> <span class='ocrx_word' id='word_1_261' title='bbox 343 3561 439 3604; x_wconf 86' lang='lat' dir='ltr'><strong>meam</strong></span> <span class='ocrx_word' id='word_1_262' title='bbox 459 3545 622 3621; x_wconf 87' lang='lat' dir='ltr'><strong>passionem</strong></span> <span class='ocrx_word' id='word_1_263' title='bbox 643 3548 738 3603; x_wconf 89' lang='lat' dir='ltr'><strong>menta</strong></span> <span class='ocrx_word' id='word_1_264' title='bbox 760 3549 790 3602; x_wconf 87' lang='lat' dir='ltr'><strong>et</strong></span> <span class='ocrx_word' id='word_1_265' title='bbox 811 3559 929 3620; x_wconf 86' lang='lat' dir='ltr'><strong>corpore</strong></span> <span class='ocrx_word' id='word_1_266' title='bbox 952 3544 1055 3606; x_wconf 85' lang='lat' dir='ltr'><strong>devote</strong></span> <span class='ocrx_word' id='word_1_267' title='bbox 1076 3559 1191 3620; x_wconf 85' lang='lat' dir='ltr'><strong>semper</strong></span> 
     </span>
     <span class='ocr_line' id='line_1_35' title="bbox 152 3629 1189 3708; baseline -0.005 -14"><span class='ocrx_word' id='word_1_268' title='bbox 152 3634 303 3708; x_wconf 86' lang='lat' dir='ltr'><strong>laborasti,</strong></span> <span class='ocrx_word' id='word_1_269' title='bbox 325 3631 361 3692; x_wconf 88' lang='lat' dir='ltr'><strong>dc</strong></span> <span class='ocrx_word' id='word_1_270' title='bbox 381 3631 431 3692; x_wconf 90' lang='lat' dir='ltr'><strong>illa</strong></span> <span class='ocrx_word' id='word_1_271' title='bbox 452 3630 631 3708; x_wconf 82' lang='lat' dir='ltr'><strong>cogitando‚-</strong></span> <span class='ocrx_word' id='word_1_272' title='bbox 645 3629 782 3706; x_wconf 86' lang='lat' dir='ltr'><strong>illamque</strong></span> <span class='ocrx_word' id='word_1_273' title='bbox 802 3647 854 3706; x_wconf 89' lang='lat' dir='ltr'><strong>per</strong></span> <span class='ocrx_word' id='word_1_274' title='bbox 875 3633 1001 3706; x_wconf 84' lang='lat' dir='ltr'><strong>picturas</strong></span> <span class='ocrx_word' id='word_1_275' title='bbox 1022 3631 1084 3691; x_wconf 89' lang='lat' dir='ltr'><strong>aliis</strong></span> <span class='ocrx_word' id='word_1_276' title='bbox 1105 3631 1189 3690; x_wconf 80' lang='lat' dir='ltr'><strong>cxlii-</strong></span> 
     </span>
    </p>
   </div>
   <div class='ocr_carea' id='block_1_10' title="bbox 153 3716 1188 3796">
    <p class='ocr_par' dir='ltr' id='par_1_10' title="bbox 153 3716 1188 3796">
     <span class='ocr_line' id='line_1_36' title="bbox 153 3716 1188 3796; baseline -0.004 -14"><span class='ocrx_word' id='word_1_277' title='bbox 153 3720 264 3796; x_wconf 79' lang='lat' dir='ltr'><strong>hendo,</strong></span> <span class='ocrx_word' id='word_1_278' title='bbox 293 3736 360 3780; x_wconf 88' lang='lat' dir='ltr'><strong>ecce</strong></span> <span class='ocrx_word' id='word_1_279' title='bbox 385 3721 415 3776; x_wconf 91' lang='lat' dir='ltr'><strong>in</strong></span> <span class='ocrx_word' id='word_1_280' title='bbox 442 3718 488 3776; x_wconf 88' lang='lat' dir='ltr'><strong>die</strong></span> <span class='ocrx_word' id='word_1_281' title='bbox 509 3733 591 3776; x_wconf 91' lang='lat' dir='ltr'><strong>meae</strong></span> <span class='ocrx_word' id='word_1_282' title='bbox 612 3719 752 3792; x_wconf 90' lang='lat' dir='ltr'><strong>passionis</strong></span> <span class='ocrx_word' id='word_1_283' title='bbox 773 3721 802 3776; x_wconf 88' lang='lat' dir='ltr'><strong>te</strong></span> <span class='ocrx_word' id='word_1_284' title='bbox 825 3716 860 3776; x_wconf 90' lang='lat' dir='ltr'><strong>da</strong></span> <span class='ocrx_word' id='word_1_285' title='bbox 881 3717 980 3777; x_wconf 89' lang='lat' dir='ltr'><strong>labore</strong></span> <span class='ocrx_word' id='word_1_286' title='bbox 1002 3717 1041 3778; x_wconf 86' lang='lat' dir='ltr'><strong>ad</strong></span> <span class='ocrx_word' id='word_1_287' title='bbox 1060 3720 1188 3793; x_wconf 85' lang='lat' dir='ltr'><strong>requiem</strong></span> 
     </span>
    </p>
   </div>
   <div class='ocr_carea' id='block_1_11' title="bbox 172 3861 1189 3940">
    <p class='ocr_par' dir='ltr' id='par_1_11' title="bbox 172 3861 1189 3940">
     <span class='ocr_line' id='line_1_37' title="bbox 172 3861 1189 3940; baseline -0.003 -18"><span class='ocrx_word' id='word_1_288' title='bbox 172 3870 204 3940; x_wconf 80' lang='lat' dir='ltr'><strong>i)</strong></span> <span class='ocrx_word' id='word_1_289' title='bbox 220 3871 260 3924; x_wconf 79' lang='lat' dir='ltr'><strong>ct’</strong></span> <span class='ocrx_word' id='word_1_290' title='bbox 277 3871 526 3924; x_wconf 75' lang='lat' dir='ltr'><strong>dermannus-</strong></span> <span class='ocrx_word' id='word_1_291' title='bbox 545 3865 578 3934; x_wconf 83' lang='lat'><strong>2)</strong></span> <span class='ocrx_word' id='word_1_292' title='bbox 590 3863 675 3920; x_wconf 81' lang='lat' dir='ltr'>ACDP</span> <span class='ocrx_word' id='word_1_293' title='bbox 685 3861 887 3932; x_wconf 79' lang='lat' dir='ltr'><strong>&#39;scriptores</strong></span> <span class='ocrx_word' id='word_1_294' title='bbox 906 3896 938 3906; x_wconf 99' lang='lat'>-</span> <span class='ocrx_word' id='word_1_295' title='bbox 956 3867 990 3936; x_wconf 85' lang='grc'><strong>3)</strong></span> <span class='ocrx_word' id='word_1_296' title='bbox 1007 3869 1078 3920; x_wconf 83' lang='lat' dir='ltr'><strong>eins</strong></span> <span class='ocrx_word' id='word_1_297' title='bbox 1098 3867 1189 3922; x_wconf 80' lang='lat' dir='ltr'><strong>addli.</strong></span> 
     </span>
    </p>
   </div>
   <div class='ocr_carea' id='block_1_12' title="bbox 0 0 1260 4245">
    <p class='ocr_par' dir='ltr' id='par_1_12' title="bbox 0 0 1260 4245">
     <span class='ocr_line' id='line_1_38' title="bbox 0 0 1260 4245; baseline 0 0"><span class='ocrx_word' id='word_1_298' title='bbox 0 0 1260 4245; x_wconf 95' lang='lat' dir='ltr'><strong> </strong></span> 
     </span>
    </p>
   </div>
  </div>
 </body>
</html>
