2608 4252
347 247 409 339 nu
424 237 580 340 annona
595 265 736 338 uiam
989 265 1060 329 tt

49 399 257 476 indisoipllnutus.
299 397 533 460 MONAGHUS:
563 400 629 459 Non
650 397 827 459 conuadoo.
864 389 907 454 Ut
927 344 1120 476 fflim‘dej(

49 503 151 563 persona
169 488 271 548 beatae
291 487 350 547 Dei
370 486 521 547 (ienitriois
542 492 668 561 taceam,
696 497 801 544 nomen
829 480 893 540 eine
913 495 971 539 non
999 477 1069 571 taeda

50 576 182 650 sententiis,
203 591 292 651 quam
312 577 386 635 vivis
407 574 545 650 exemplis
568 573 652 634 dulce
674 589 761 649 super
781 567 840 630 mel
861 569 1020 629 ostendam

337 711 570 774 CAPITULUM
598 713 712 774 XLIX.
724 709 753 793 ἥ)
1269 801 1270 812 ἵ

67 836 105 893 De
121 836 237 910 iactam,
259 838 313 911 qai
327 853 386 912 pcc·
406 838 470 896 Ave
489 836 592 895 Morio
613 840 702 896 sonat
723 838 833 894 solemn
854 829 1044 892 dolomate
1204 888 1208 906 ,
1269 827 1270 910 l

100 953 183 1016 Juxta
196 955 346 1017 ecelesiam
368 959 460 1017 sancti
473 956 602 1018 Severini
623 960 652 1016 in
668 955 786 1017 Colonia
799 955 927 1016 inclusus
949 954 1066 1031 quidam
1270 960 1271 1008 l

52 1041 179 1102 habitabat
193 1039 209 1123 ¹)
237 1042 382 1103 Mamilius
411 1047 540 1120 nomine,
560 1047 590 1104 iu
611 1045 718 1104 Tuscia
745 1044 784 1103 ad
811 1048 943 1103 sanctum
970 1042 1084 1104 Seba·.

51 1129 153 1188 sianum
179 1130 350 1206 quandoque
371 1132 544 1208 Episcopus,
575 1138 603 1191 et
631 1139 760 1207 tempore
792 1131 952 1190 schismatis
988 1129 1066 1206 quod

52 1215 92 1272 icit
115 1218 181 1276 inter
200 1215 397 1277 Alexandrum
417 1224 448 1278 ct
467 1219 652 1292 Paschelem,
680 1217 803 1294 abipso
825 1216 990 1277 Alexandro
1012 1217 1065 1276 de-

51 1303 150 1376 positus.
189 1303 276 1362 Hunc
298 1321 363 1363 cum
383 1311 529 1364 matronae
548 1307 670 1365 civitatis
683 1306 894 1381 frequentarent
904 1301 935 1385 ²),
958 1311 1066 1364 etune

52 1389 71 1446 ei
89 1390 207 1450 consessa
227 1389 341 1466 luisset,
370 1393 447 1468 quod
467 1392 609 1456 Dominae
631 1399 745 1452 nostrae
766 1409 870 1452 nomen
893 1391 987 1451 dicere
1007 1408 1066 1449 non

52 1473 157 1556 persev)
178 1479 238 1536 aine
260 1477 385 1554 quadam
406 1481 478 1539 mira
494 1479 650 1554 dulcedine,
673 1479 708 1540 de
731 1497 819 1539 causa
840 1484 937 1537 tantae
958 1479 1066 1555 gradec

52 1564 166 1638 requisita
192 1564 354 1640 respondit:
385 1565 509 1642 Singulis
538 1567 638 1626 diebus
659 1567 689 1624 in
709 1566 819 1626 honore
840 1568 901 1624 eius
923 1567 1066 1641 qednqua·

52 1651 115 1722 ginta
137 1647 199 1710 Ave
221 1649 330 1727 Maria,
358 1669 424 1712 cum
451 1653 569 1712 totidem
595 1656 685 1713 veniis
716 1653 808 1712 dicere
838 1653 988 1726 consuevi,
1015 1667 1066 1726 per

53 1753 111 1810 quae
139 1743 246 1796 tentam
279 1738 458 1798 dulcedinem
489 1743 591 1816 merui,
624 1747 655 1798 ut
688 1741 779 1799 omnis
808 1741 863 1799 oris
892 1739 949 1797 mei
975 1737 1066 1797 saliva
1177 1727 1183 1753 ²

54 1824 167 1883 orationis
201 1831 330 1900 tempore
365 1827 394 1884 in
430 1825 487 1886 mel
518 1827 649 1888 videatur
682 1844 828 1887 conversa
883 1825 969 1902 Quod
1002 1841 1068 1884 oum

53 1909 160 1972 audisset
184 1913 243 1971 iam
272 1911 364 1972 dictem
389 1913 530 1990 inclusus,
560 1914 689 1990 exemplo
719 1915 841 1974 devotae
867 1913 990 1972 laminae
1018 1911 1068 1970 vix

53 2011 93 2070 per
119 2013 166 2057 aex
194 1997 392 2058 hebdomadas
413 2001 571 2078 angelicam
593 2002 793 2061 salutationem
822 1999 950 2077 praelato
979 1998 1067 2058 modo

54 2089 76 2140 ct
97 2101 206 2146 numero
238 2087 444 2164 compleverat,
474 2094 502 2148 et
529 2093 597 2148 ‘ecoe
625 2095 735 2148 tantam
764 2087 943 2148 dulcedinem
964 2087 1068 2145 sentire

54 2171 131 2246 coepit
149 2173 177 2230 in
193 2172 267 2232 illius
290 2173 469 2234 dulcissimae
489 2176 666 2235 salutationis
687 2175 845 2251 prolatione
866 2177 895 2232 in
917 2190 966 2234 ore
988 2178 1017 2231 et
1038 2173 1068 2230 in

55 2261 164 2334 guture,
177 2266 209 2317 ut
221 2259 313 2319 mellis
328 2260 505 2322 dulcedinem
525 2263 610 2339 longe
628 2261 841 2322 transcenderet
861 2263 924 2337 ipsa
938 2257 1068 2318 dulcedo.

56 2340 163 2405 Eandem
190 2345 369 2408 dulcedinem
396 2352 499 2408 meruit
525 2350 641 2426 quidam
670 2349 705 2409 de
727 2349 825 2409 ordine
846 2354 943 2407 nostro
965 2362 1068 2405 mona·

56 2427 124 2506 chus,
144 2433 272 2509 exemplo
294 2434 368 2494 illius
396 2443 577 2511 provocatus.
619 2435 701 2496 Haec
730 2435 800 2495 mihi
831 2435 922 2494 relata
943 2433 1068 2492 suntab

56 2515 138 2577 eodem
157 2519 274 2580 incluso.
315 2522 392 2582 Ecce
413 2523 457 2582 his
479 2525 568 2588 tribus
594 2523 730 2600 exemplis
752 2525 822 2582 satis
844 2528 997 2582 ostensum
1012 2526 1069 2595 est,

56 2619 140 2664 nomon
160 2609 220 2666 eius
242 2625 304 2668 esse
326 2614 414 2685 topos·
435 2612 491 2668 mel
513 2611 609 2682 dolce,
633 2618 660 2669 et
682 2611 764 2687 quod
783 2611 928 2668 hereditas
950 2612 1011 2666 cius
1033 2611 1070 2668 ait

56 2705 126 2764 super
144 2695 199 2752 mel
221 2701 249 2753 et
268 2691 417 2776 fanorn‘).
459 2687 661 2758 NOVICIUS':
690 2697 731 2757 Ut
752 2696 820 2773 quid
842 2697 1004 2772 appositum
1027 2697 1070 2752 cst

57 2773 179 2838 ineditos
200 2785 262 2840 eius
279 2801 366 2858 aupes
387 2783 444 2842 mel
465 2791 492 2842 al
503 2783 634 2859 fovum?
668 2782 903 2843 MONAGHUS:
925 2781 1069 2856 Repetitio

58 2863 211 2926 coniunctio
227 2874 271 2927 est
279 2865 309 2949 ⁵).
332 2868 417 2946 Quod
430 2869 630 2945 hereditamus,
642 2869 699 2931 hoc
712 2871 934 2947 frequentamus.
955 2867 990 2925 In
1003 2866 1069 2926 favo

58 2963 108 3007 cera
126 2961 166 3012 est
187 2961 216 3013 et
236 2954 302 3014 mel.
346 2955 426 3031 Cera,
449 2961 514 3032 quia
528 2964 614 3016 tenax
631 2965 683 3034 est,
703 2961 826 3034 pertinet
838 2955 877 3016 ad
890 2955 1070 3030 memoriam,

59 3034 100 3092 nol
127 3043 255 3116 exprimit
289 3039 474 3102 dulcedinem.
527 3043 592 3102 Non
621 3047 675 3104 nisi
701 3062 753 3120 per
780 3047 877 3122 iugem
904 3043 1072 3102 memoriam
1159 3041 1162 3050 '

59 3125 156 3208 nominis
188 3127 338 3189 Genitricis
369 3130 427 3188 Dei
460 3134 616 3206 praemissa
652 3131 773 3191 dulcedo
807 3133 912 3208 poterit
944 3127 1071 3203 adipisci.

61 3203 115 3268 t'ere
134 3209 246 3295 etiamss)
267 3215 414 3292 illuminat,
435 3217 492 3277 mel
513 3218 590 3277 cibat
612 3224 640 3278 et
661 3218 789 3278 inebriat
832 3217 944 3278 Nomen
961 3213 1072 3274 Mariae

61 3293 318 3378 composicionem
340 3303 437 3364 odores
457 3305 583 3380 factum,
606 3308 887 3382 opaapipmeatarii.
930 3301 969 3361 Ia
991 3304 1072 3361 omani

62 3393 99 3436 ⁰1⁶
117 3391 197 3461 quusi
217 3389 274 3446 mel
294 3390 502 3466 indulcabitur,
524 3399 552 3450 el
573 3399 608 3453 aci
628 3396 741 3452 musico
762 3397 794 3452 ite
815 3393 949 3450 convivio
969 3385 1071 3465 victv).

60 3457 197 3550 Utrumque
218 3477 307 3551 enim,
328 3475 562 3538 illuminationem
584 3480 691 3539 seilicet
712 3486 741 3540 et
761 3479 959 3551 refectionem,
980 3475 1072 3534 sancti

74 3563 86 3595 Ι
171 3575 177 3586 ·
452 3569 455 3574 “
597 3581 603 3592 .
855 3578 861 3589 .
887 3578 893 3589 .

88 3565 391 3720 ”ἒ3“ἒ.,ἱ;,ἵ;ἕέ·,.ῆ
405 3577 515 3699 titt
530 3575 1072 3715 :aas:attrecteta

116 3711 220 3765 semiliter
236 3715 370 3782 Augustis.
395 3716 428 3768 de
445 3717 519 3769 civit.
538 3717 584 3768 liei
602 3717 681 3782 llllll,
706 3717 752 3768 122
778 3715 859 3782 „illius
877 3716 944 3766 euim
962 3712 1016 3778 spei
1033 3716 1072 3760 eet

117 3780 362 3918 “iamiqu-ghi
387 3786 461 3839 iuius
485 3788 608 3838 iteratio.“
637 3815 668 3825 —
696 3787 728 3853 6)
751 3783 836 3838 acu?
861 3784 952 3834 enim.
980 3809 1011 3818 -
1039 3775 1071 3843 ’1)
