2506 4254
381 166 388 205 i

98 253 160 316 192
442 251 670 316 DIS'I'INOTIO
692 251 804 322 NONA

1 394 2 400 ¹
95 373 169 438 illas.
212 374 297 454 Quod
318 375 450 456 cum‘ille
471 376 600 450 fecisset,
628 382 657 436 et
677 372 766 457 una¹)
787 377 881 436 minus
902 375 1086 452 reperisset,
1123 393 1167 436 ex

95 465 184 523 nimio
211 468 318 522 terrore
349 479 422 538 pene
441 479 546 524 amens»
564 463 697 539 effeetus,
717 465 822 524 corruit
843 469 872 523 et
892 461 979 522 flevit.
1026 461 1168 524 Currum

96 549 237 626 siquidem
257 547 421 625 firmacula,
448 556 508 610 tam
530 551 624 609 scrinii
645 567 732 626 quam
753 549 856 625 pixidis
876 548 958 610 salva
978 549 1167 612 invenerat.
1241 594 1246 630 ·,

96 637 180 722 'Dino
202 653 270 697 eum
289 637 394 697 femina
416 634 606 716 consolata²)‚
633 635 702 711 quid
721 635 826 697 viderit
847 635 894 696 vel
915 635 984 712 quid
1014 635 1059 696 de
1098 636 1168 698 ho-

95 723 152 784 stia
173 730 270 798 actum
291 727 328 783 sit
349 725 493 798 exposuit,
521 740 640 783 monens
668 741 705 783 ne
727 722 763 782 de
784 729 880 783 cetero
901 741 921 782 a
940 728 1024 784 tanta
1050 727 1168 802 gratia

95 817 156 872 tam
176 811 332 872 vehemens
357 809 527 871 desiderium
548 809 706 886 repelleret
748 809 831 872 Haec
852 810 935 868 nobis
955 809 1058 870 relata
1086 817 1169 871 sunt

95 897 263 958 aJohanne
277 897 419 958 monacho
433 893 569 977 cosam),
592 899 641 972 qni
664 895 765 957 eodem
779 904 907 972 tempore
929 894 964 955 de
987 897 1169 972 praedicta

95 983 163 1044 villa
191 987 322 1058 veniens,
351 985 491 1044 veraciter
520 1001 555 1044 ea
575 983 681 1044 ibidem
703 986 855 1062 contigisse
877 986 1021 1059 cognovit
1079 981 1169 1046 NO-

94 1071 243 1131 VIGIUS:
272 1070 429 1130 Benedicta
458 1072 495 1130 sit
522 1071 613 1148 gloria
633 1070 751 1130 Domini
776 1070 896 1130 deloco
918 1077 1018 1130 sancto
1049 1069 1169 1154 suo⁸).

94 1156 330 1233 MONAOHUS:
352 1158 418 1217 Non
438 1159 555 1217 minoris
583 1157 691 1236 gloriae
713 1164 758 1218 est
785 1156 863 1237 quod
893 1159 1044 1234 sequitur,
1075 1166 1115 1220 et
1139 1162 1168 1220 si

95 1262 153 1306 non
174 1251 235 1310 tam
255 1243 446 1304 manifestum.

415 1449 650 1514 CAPITULUM
670 1453 821 1514 XXXVI.
882 1531 886 1556 Ι

58 1566 61 1572 ’
126 1517 202 1637 lteda
224 1578 260 1640 dc
280 1575 469 1654 Httdcpundc
490 1541 583 1636 vidua
612 1594 704 1654 quam
727 1574 858 1636 muscus
877 1595 932 1653 per
952 1594 982 1636 ac
1003 1579 1131 1654 igneum

498 1666 734 1723 communicavit

158 1801 194 1861 In
221 1799 290 1862 viiia
318 1794 511 1881 Lubbclare⁵)
538 1818 613 1877 quae
642 1801 755 1861 dnobus
783 1793 979 1878 milliaribus‘)
1004 1799 1116 1864 distat
1147 1823 1169 1867 a

98 1885 232 1964 Colonia,
252 1887 340 1949 vidua
361 1888 503 1964 quaedam
523 1887 647 1948 honesta
668 1894 697 1948 et
718 1888 852 1964 religiosa
873 1893 949 1961 erat,
969 1886 1169 1968 Hildegun-

97 1973 141 2034 dis
172 1978 302 2050 nomine,
337 1977 431 2035 amica
463 1974 570 2034 domini
598 1974 716 2034 chrici
742 1974 866 2035 Abbatis
904 1977 1002 2033 nostri.
1063 1975 1168 2044 Hm

96 2069 176 2121 more
187 2061 261 2121 illius
275 2061 380 2122 vidum
396 2062 578 2139 evangelicae
591 2079 665 2138 pene
676 2079 822 2138 nunquam
840 2060 994 2121 recedebat
1009 2060 1053 2122 de
1073 2073 1167 2127 tem.

95 2147 154 2226 plo,
174 2151 284 2209 ieiuniis
305 2155 334 2208 et
348 2150 592 2208 obsecrationibus
605 2152 732 2208 serviens
747 2145 850 2228 Deo').
881 2147 1020 2210 Habebat
1044 2159 1167 2214 autem
1251 2211 1252 2220 ,

95 2233 186 2294 tilium
206 2236 324 2295 militem
351 2239 484 2296 iuvenem
504 2239 619 2296 nomine
640 2235 842 2312 Wilheimnm,
870 2252 888 2294 a
909 2251 967 2310 quo
989 2237 1166 2302 modicum
1251 2251 1252 2268 ¹

96 2324 123 2383 ai
148 2321 366 2398 impendebatur
386 2323 515 2397 honoris,
545 2325 649 2382 amoris
671 2321 729 2403 eti)
752 2321 961 2383 consolationis.
1004 2321 1053 2384 Et
1083 2343 1167 2390 eum

95 2409 264 2486 abundaret,
285 2412 434 2469 immemor
453 2415 582 2484 naturae,
604 2411 715 2470 sinebat
733 2409 813 2470 illam
835 2425 926 2486 egere,
947 2408 1055 2470 multis
1083 2431 1165 2476 mo·

96 2495 141 2555 dis
173 2513 237 2555 eam
259 2513 439 2571 exasperans.
481 2496 546 2556 Non
568 2503 613 2556 est
633 2497 798 2556 recordatus
820 2499 977 2572 scripturae
1000 2495 1164 2562 dicentis:

95 2582 271 2643 Maledictus
285 2584 384 2642 cho
406 2586 459 2659 qui
479 2591 636 2660 exceperat
656 2580 823 2662 matranp.
866 2582 975 2643 Similia
997 2601 1165 2662 perpessas
1250 2625 1251 2630 κ

96 2676 140 2730 cst
160 2686 179 2729 a
199 2687 288 2746 nuru,
319 2686 408 2729 uxore
422 2668 452 2750 ¹⁰)
474 2670 533 2728 tilii.
576 2670 658 2746 Quae
680 2687 747 2729 cum
766 2670 922 2744 infirmata,
944 2668 983 2728 ad
1008 2679 1165 2737 extrem

95 2755 272 2832 devenisset,
299 2755 472 2832 dixissetque
501 2756 634 2817 ancillast
665 2757 726 2817 Fac
754 2775 800 2818 me
826 2756 932 2817 habere
953 2760 1165 2824 sacerdotem

94 2849 128 2903 ut
149 2846 371 2920 communicem
389 2843 438 2902 illa
451 2845 541 2903 verba
562 2845 622 2904 eius
637 2843 737 2904 detulit
749 2843 788 2903 ad
808 2861 911 2903 nurum
924 2841 1054 2920 dicens:
1082 2847 1165 2911 Do-

94 2932 173 2990 mina
185 2949 251 2991 mea
262 2933 334 3007 petit
347 2931 533 2990 sacerdotem·
568 2930 679 2990 Cuiilla
696 2929 957 2990 substomachando
970 2937 1164 3008 respondit:
1249 3007 1250 3012 γ

94 3014 129 3074 In
156 3015 340 3077 hebdomada
358 3021 415 3078 ista
434 3020 546 3094 accepit
565 3035 669 3095 corpus
689 3017 821 3093 Domini,
853 3024 883 3076 et
901 3023 1001 3078 mmen
1022 3021 1167 3085 videtur

94 3102 165 3160 mihi
191 3103 269 3180 quod
296 3103 392 3164 adhuc
409 3107 505 3165 -vivat
547 3104 587 3163 Et
613 3105 717 3165 adiecit
736 3103 922 3184 indignando:
937 3103 1042 3165 -Vade
1072 3127 1166 3174 voca

93 3187 183 3248 illum.
226 3191 370 3266 Quicum
397 3194 524 3252 venisset
550 3209 616 3251 cum
645 3208 765 3268 corpore
792 3191 923 3266 Domini,
944 3193 986 3252 ait
1006 3191 1162 3260 infirm:

78 3273 193 3352 'Quare
211 3280 330 3336 venistis
350 3277 486 3339 domine?
507 3277 710 3354 Respondente
731 3277 895 3354 sacerdote,
916 3284 950 3337 ut
970 3288 1165 3346 eommuni-

95 3377 160 3422 cem
180 3379 248 3440 vos3
269 3365 430 3439 respondite
450 3365 593 3425 Dominus
614 3382 696 3426 meus
718 3367 799 3426 caius
820 3381 923 3442 corpus
944 3369 1058 3443 petivi,
1089 3373 1165 3434 iam
1248 3375 1249 3432 i

94 3445 142 3510 bic
168 3449 222 3508 init
249 3452 488 3528 praesentialiter,
521 3459 549 3512 et
578 3455 637 3516 suis
664 3454 796 3513 manibus
824 3469 871 3513 me
900 3456 1165 3522 communicavit.

113 3635 144 3707 1)
162 3633 207 3690 BC
224 3652 323 3689 unam.
348 3667 379 3677 -
398 3637 431 3705 2)
456 3637 478 3692 D
502 3639 674 3691 consolata
702 3647 760 3691 ast.
780 3669 809 3680 -
835 3638 867 3708 3)
888 3637 911 3691 Β
934 3653 950 3688 a
974 3645 1164 3700 monacho

163 3715 279 3759 nostro
306 3705 472 3760 Caesario.
492 3737 523 3748 -
550 3711 583 3776 4)
601 3708 693 3762 Erech.
712 3709 741 3774 3,
766 3709 807 3760 12.
828 3737 857 3749 -
882 3707 915 3776 5)
937 3708 1033 3762 biblus.
1057 3743 1096 3754 -
1119 3718 1164 3786 6)
1247 3719 1248 3732 ἢ

162 3775 254 3830 ABDP
272 3776 453 3830 milliariis.
466 3807 497 3818 -
516 3780 548 3845 7]
566 3779 623 3831 Luc.
642 3779 668 3844 2,
685 3780 728 3832 37.
746 3807 778 3818 -
798 3778 830 3847 8)
848 3775 869 3832 C
885 3780 1042 3848 sub—9)
1064 3783 1163 3840 Eceli.

163 3846 189 3914 3,
207 3847 250 3900 18.
269 3875 300 3888 -
321 3847 370 3916 10)
389 3845 409 3904 C
428 3847 559 3903 scilieet
575 3860 686 3903 uxore.
