2524 4252
121 267 183 327 3⁷8

120 365 182 420 XII.
216 366 257 420 De
273 366 382 421 Decano
399 365 555 420 Palernensi
577 381 658 437 quem
675 365 734 421 Itex
750 366 881 421 Arcturus
902 367 1032 421 invitavit
1047 367 1085 420 ad

171 442 290 490 montem
307 433 399 506 Gyber
400 473 1082 490 .................
1101 437 1155 491 324

120 503 194 559 XIII.
230 505 270 558 De
287 519 376 574 poena
392 504 534 573 Bertolphi
551 505 635 558 Ducis
654 504 794 574 ceringiae
810 505 858 576 qui
878 505 976 560 missus
994 512 1036 560 est
1052 506 1083 560 in

119 574 374 697 mica...
390 613 529 697 naon
546 613 695 697 norro·
711 611 824 698 aot:
859 614 867 696 1
902 615 909 698 :
945 615 952 698 :
988 615 1038 698 :1
1074 575 1154 698 :itt

119 712 181 767 XV.
215 713 257 767 De
274 659 394 795 idemloo
419 711 502 767 Nudo·
522 711 569 782 qui
596 719 794 782 postmortem
818 713 911 768 multis
934 712 1083 768 visibilitar

119 790 453 906 solbimus...
471 820 907 906 ascomannorum:
944 822 950 904 :
987 823 993 905 :
1030 823 1038 904 3
1073 783 1152 906 :tit

119 921 206 975 XVII.
241 921 282 975 De
299 920 421 974 Waltero
439 920 473 973 de
490 919 600 973 Milone.
645 959 1080 974 ...........
1098 921 1151 976 328

118 990 219 1044 XVIII.
254 991 296 1043 De
308 989 396 1043 milite
413 995 520 1043 mortuo
537 989 680 1111 polliiinootc
697 995 834 1060 serpentes
851 989 1001 1045 etbuiones
1017 991 1080 1044 looo

118 1065 578 1210 ultimitate...
600 1058 821 1209 ursatii..
837 1099 993 1199 ...sons
1010 1099 1082 1182 ono
1097 1060 1151 1115 ³²⁸

170 1199 224 1253 sibi
242 1199 426 1268 eleemosynas
443 1197 514 1250 nrhrl
530 1196 671 1266 profuisse.
729 1237 1079 1252 .........
1097 1198 1151 1253 323

118 1267 181 1323 XX.
215 1267 362 1390 Dfiflpoem
374 1265 539 1320 concubinae
550 1266 841 1322 cniusdamsacerdotis
859 1282 939 1338 quam
953 1267 1079 1321 diabolus
1096 1337 1151 1392 33⁰

169 1350 239 1391 vena
274 1343 318 1390 tur
318 1375 1079 1392 ...................

118 1405 194 1460 XXI.
228 1405 270 1461 De
287 1404 485 1458 sanctimoniali
508 1419 578 1474 quae
599 1404 729 1460 infantem
745 1421 762 1458 a
778 1420 808 1459 se
829 1406 948 1460 occisum
964 1405 1080 1476 Ignitum

105 1531 110 1546 Ι
170 1473 380 1529 circumferebat.
430 1513 1078 1528 ................
1096 1475 1149 1532 331

117 1544 207 1600 XXII.
241 1545 283 1599 De
299 1543 420 1598 lordono
438 1540 575 1596 Cardinali
577 1581 1078 1598 .............
1096 1546 1151 1600 332

116 1613 219 1669 XXIII.
254 1614 297 1668 En
314 1613 460 1667 Everwaoo
477 1612 513 1666 ad
528 1612 672 1665 infernales
689 1627 790 1682 poenas
810 1613 933 1667 deducto.
986 1653 992 1665 .
1029 1654 1037 1667 .
1072 1615 1151 1668 ,332

116 1684 218 1738 XXIV.
253 1684 295 1737 De
312 1682 466 1752 purgatorio
483 1681 623 1735 cuiusdam
639 1682 754 1734 usurarii
771 1681 936 1737 Leodiensis.
985 1724 992 1736 .
1029 1724 1036 1736 .
1072 1684 1151 1738 ,335

116 1753 207 1808 XXV.
240 1753 281 1808 De
298 1751 452 1822 purgatorio
470 1749 609 1804 cuiusdam
624 1750 727 1806 Prioris
745 1751 779 1804 de
797 1751 954 1806 claravalle.
986 1792 993 1806 .
1029 1792 1035 1806 .
1071 1754 1150 1808 ,336

116 1822 219 1877 XXVI.
253 1823 295 1876 De
311 1820 465 1892 purgatorio
484 1819 623 1874 mnusdam
640 1819 741 1873 Mariae
758 1822 788 1874 in
805 1819 899 1875 Frisia.
943 1861 950 1876 .
986 1861 992 1875 .
1029 1861 1035 1874 .
1071 1823 1149 1877 ,337

116 1892 232 1946 XXVII.
249 1892 290 1946 De
300 1890 454 1961 purgatorio
464 1889 604 1944 cuiusdam
612 1896 748 1944 matronae
757 1897 868 1961 propter
875 1897 945 1945 artes
1016 1889 1079 1944 ‘cas
1096 1893 1150 1948 338

116 1961 244 2017 XXVIII.
279 1961 321 2014 De
338 1958 469 2014 monacho
488 1959 537 2030 qui
549 1959 624 2012 socio
634 1965 698 2028 post
714 1967 828 2014 mortem
844 1975 975 2030 apparens
1014 1960 1020 1972 ’
1044 1960 1078 2015 'tt

169 2033 230 2087 Non
266 2029 375 2084 utabam
391 2029 539 2083 Dominum
555 2028 594 2082 ita
611 2043 669 2082 esse
687 2028 846 2085 districtum
900 2070 1078 2084 .....
1096 2032 1150 2087 333

116 2101 220 2157 XXIX.
281 2115 296 2154 e
313 2098 474 2153 scholastico
486 2098 533 2168 qui
550 2106 613 2168 post
623 2104 737 2153 mortem
753 2098 997 2154 inPruIitabuIam
1013 2115 1078 2171 pcr-

168 2171 250 2226 cussit
267 2176 294 2224 et
311 2169 391 2222 scidit
393 2206 1077 2224 .................
1095 2171 1149 2226 333

115 2240 206 2295 XXX.
240 2240 285 2293 Du
301 2237 425 2293 Johanne
442 2237 552 2291 sacrista
568 2236 717 2290 Vilariensi
733 2238 781 2306 qui
796 2240 922 2308 apparuit
937 2239 1041 2294 Abbati
1070 2241 1150 2295 .340

115 2309 219 2364 XXXI.
253 2309 294 2364 De
311 2307 465 2378 purgatorio
482 2305 600 2360 Abbatis
618 2306 667 2378 qui
679 2307 785 2378 ¹invitus
801 2297 854 2361 ivit
870 2309 905 2363 ad
921 2309 1050 2363 laborem
1070 2349 1077 2362 .
1096 2311 1148 2364 341
1260 2321 1261 2371 l

114 2377 231 2434 XXXII
266 2379 308 2432 De
324 2385 430 2431 mortuo
448 2375 496 2446 qui
519 2376 702 2445 eleemosynas
723 2377 879 2446 praeposuit
901 2377 1077 2433 orationibus.
1096 2379 1149 2434 342

114 2447 245 2503 XXXIII.
280 2448 321 2500 Dc
339 2452 444 2500 mortuo
463 2445 510 2514 qui
527 2445 626 2514 petivit
642 2445 736 2498 missas
749 2453 802 2500 tres
819 2447 848 2500 in
865 2447 959 2501 ordine
976 2453 1078 2502 nostro.
1096 2449 1149 2504 342

114 2517 244 2572 XXXIV.
279 2518 320 2570 De
329 2515 483 2586 purgatorio
493 2512 639 2567 Christiani
650 2515 776 2568 monachi
786 2516 875 2570 Vallis
893 2517 979 2572 sancti
993 2516 1078 2570 Petri.
1096 2519 1149 2574 343

114 2587 231 2642 XXXV.
265 2586 306 2641 De
324 2584 478 2656 purgatorIo
496 2583 707 2638 sanctimonialis
723 2583 754 2636 in
771 2585 892 2655 Rindorp
910 2587 955 2640 cui
971 2593 1079 2640 sanctus

165 2655 327 2711 Benedictus
344 2654 436 2708 astitit
472 2692 692 2707 ......
722 2675 724 2680 ·
728 2693 1077 2710 .........
1095 2657 1148 2712 343

114 2725 244 2850 ΧΧέζέΙ.
277 2726 320 2781 Do
340 2723 496 2795 purgatorio
513 2722 678 2794 Margaretae
701 2724 913 2780 sanctimonialis
931 2725 966 2780 de
985 2731 1078 2780 sancto
1095 2797 1148 2850 344

212 2802 304 2850 vatore
305 2831 1076 2850 ...................

114 2863 257 2922 XXXVII.
290 2865 332 2920 De
349 2862 503 2935 purgatorio
521 2861 665 2916 Wilhelmi
682 2862 815 2917 monachi.
855 2903 1076 2918 ......
1095 2867 1147 2919 343

113 2933 272 2990 XXXVIII.
306 2935 348 2989 De
365 2932 520 3004 purgatorio
538 2931 623 2985 sancti
639 2931 759 2985 Patricii.
812 2973 1077 2989 .......
1095 2936 1146 2988 347

112 3004 245 3059 XXXIX.
278 3004 320 3058 De
337 3002 469 3059 monacho
487 3003 535 3072 qni
547 3001 621 3055 idem
638 3001 822 3071 purgatorium
838 3003 938 3058 intrare
954 3003 1052 3058 voluit.
1070 3043 1077 3056 .
1095 3005 1146 3058 343

113 3073 171 3131 XL.
206 3075 247 3128 De
264 3089 353 3144 poena
368 3071 486 3127 Abbatis
504 3071 641 3141 Corbeyae
644 3110 1077 3127 ...........
1095 3073 1146 3128 343

113 3141 184 3199 XLI.
218 3144 260 3199 De
277 3158 366 3214 poena
382 3142 472 3196 Rudin
492 3141 532 3196 eri
549 3147 576 3194 et
592 3146 659 3210 potu
676 3140 734 3194 eius
736 3179 1077 3197 .........
1094 3143 1146 3197 343

113 3213 197 3270 XLII.
232 3213 273 3268 De
289 3227 378 3284 poena
395 3159 541 3266 sacerdotis
558 3216 669 3280 propter
686 3210 845 3264 sclaviniam
861 3211 1033 3282 peregrlni..
1070 3213 1146 3268 ,350

113 3281 211 3339 XLIII.
245 3281 286 3336 Do
303 3282 390 3354 gloria
406 3280 583 3336 Irmentrudis
599 3278 762 3334 Abbatissae
782 3281 812 3334 in
829 3281 980 3352 Ditliirgen.
1025 3320 1033 3336 .
1069 3283 1144 3336 ,351

114 3351 210 3408 XLIV.
245 3351 287 3404 De
303 3351 389 3421 gloria
415 3349 627 3405 sanctimonialis
651 3363 719 3419 quaa
736 3350 882 3404 Aczelinae
904 3351 1031 3422 apparuit
1046 3351 1078 3404 in

196 3421 278 3475 hasra
290 3420 380 3561 ἔπεα,
399 3426 426 3473 et
443 3420 477 3474 do
495 3420 585 3478 tunica
603 3420 689 3475 sanati
706 3418 804 3474 David
854 3460 1032 3475 .....
1069 3437 1076 3450 ·
1095 3421 1145 3476 352

120 3489 273 3548 auno

319 3491 376 3546 oria
393 3489 520 3543 monaolri
537 3489 613 3545 cuius
638 3488 728 3544 anima
744 3488 781 3542 ad
797 3489 882 3543 instar
898 3489 1011 3561 sagittae
1026 3489 1079 3545 fuit

164 3567 226 3617 aute
243 3560 338 3615 Deum.
386 3597 1077 3614 .................
1095 3557 1145 3614 352

112 3627 209 3686 xnvr.
227 3627 484 3688 nosocomorum
496 3611 1076 3700 onmouopooiooorumuooosoumpuoou
1095 3629 1145 3684 aaa
1255 3671 1256 3681 .

112 3699 222 3756 XLVII.
257 3700 299 3755 De
316 3713 398 3754 manu
415 3697 554 3780 scriptoris
570 3697 601 3749 in
618 3696 797 3780 Xriusburgh.
853 3737 1076 3753 ......
1095 3699 1144 3752 354

113 3767 236 3825 XLVIII.
271 3770 313 3824 De
330 3769 414 3824 odore
431 3773 552 3838 magistri
569 3766 643 3820 Petn
660 3765 818 3822 cantoris..
853 3806 860 3820 .
897 3804 904 3819 .
939 3807 945 3821 .
982 3806 989 3820 .
1025 3806 1032 3821 .
1069 3768 1144 3822 ,354

8 3886 10 3893 .
113 3837 211 3898 XLIX.
246 3839 287 3896 De
303 3838 488 3914 praedicatore
505 3835 610 3892 ordinis
626 3835 895 3892 Praemoustratonsis
896 3874 1075 3892 .....
1094 3835 1144 3892 355
