2512 4254
294 259 349 320 DE
370 259 554 324 DIVERSIS
576 257 812 324 visionibus
1031 262 1091 324 133

69 384 128 442 nuit
166 382 242 446 Euro
263 388 323 442 tum
343 385 373 441 in
394 381 450 444 hoo
466 399 553 458 quam
573 385 603 442 in
615 383 762 458 praediolo
782 381 920 444 mnarum
940 383 1094 461 sntisper·

68 469 201 545 pandion,
228 475 368 546 quantum
388 469 467 530 beati
489 469 623 546 Apostoli
645 469 792 546 diligentes
814 487 844 530 se
867 469 985 547 diligant
1006 477 1094 548 atquo

71 555 222 633 gloritioent.
263 555 466 619 NOVIOIUS:
495 557 561 616 Non
582 559 668 616 mimr
689 560 713 618 si
734 557 883 634 diligentes
904 575 936 618 se
957 556 1092 638 diligunt,

72 659 129 702 snm
147 661 230 719 supra
251 643 359 704 dietum
379 645 417 704 sit
437 643 474 704 de
502 651 601 704 saneto
622 631 740 704 Andrea
762 643 839 720 quod
861 646 948 704 etiam
968 662 1000 704 se
1021 661 1093 704 eon·

71 733 194 790 tomntnti
222 730 345 792 feminae
377 729 428 790 ad·
447 730 621 808 diligendum
652 733 809 808 ingesserit
858 729 1093 794 monnellus:

71 815 142 878 Sient
166 834 250 894 supra
280 824 426 878 ostensum
448 824 493 877 est
513 817 548 878 de
571 823 669 878 sancto
691 817 827 878 Johanne
845 818 990 895 Baptista,
1019 820 1094 880 deut

72 901 191 980 Apostoli
219 904 400 982 diligentibus
420 921 453 964 se
474 907 631 980 praemium
658 905 842 980 impendunt,
869 907 910 968 ita
931 923 999 966 suos
1020 921 1093 966 oon·

71 995 211 1068 temptores
220 992 392 1068 quandoque
400 994 530 1070 puniunt.
549 990 752 1052 NOVlCIUS:
765 992 814 1052 Da
823 993 993 1068 exemplum.
1014 991 1093 1054 MO-

71 1075 229 1140 NACHUS:
250 1079 333 1138 Prius
356 1079 392 1139 de
413 1085 513 1140 saneto
526 1078 749 1140 Bartholomaeo
762 1075 780 1160 ¹)
801 1082 981 1156 praemittam
1002 1097 1092 1141 unum

72 1165 232 1242 miraculum,
253 1165 356 1228 deinde
376 1165 433 1248 hqe
440 1163 461 1247 ²)
484 1166 563 1243 quod
582 1169 657 1242 petis
677 1167 849 1244 subiungam
871 1167 1042 1245 exemplum.

415 1355 647 1418 CAPITULUM
668 1356 734 1454 I3X.

127 1479 170 1538 De
190 1479 273 1540 dente
292 1481 388 1540 sancti
407 1480 632 1540 Bartholoanei
652 1480 688 1539 de
709 1497 769 1556 quo
790 1483 913 1557 sanquis
934 1483 1023 1542 coivit

416 1585 484 1628 oum
505 1567 619 1628 deberet
639 1567 738 1628 diuidi.

127 1685 159 1746 In
177 1687 276 1749 Monte
297 1690 390 1748 sancti
403 1687 560 1748 Salvatoris
580 1690 660 1748 iuxta
672 1687 848 1765 Aquisgrani
868 1703 960 1766 nuper
979 1687 1092 1753 molum

75 1773 199 1848 quaedum
213 1775 348 1836 defuneto
369 1781 421 1849 est,
442 1793 517 1850 quae
532 1777 605 1835 inter
626 1793 693 1836 ruas
715 1775 849 1851 reliquias
869 1779 955 1836 etiam
976 1775 1092 1838 dentum

75 1858 159 1922 mouit
178 1865 267 1924 saneti
279 1861 493 1922 Bartholomaei
505 1861 646 1939 Apostoli.
677 1862 744 1922 Hoo
766 1880 833 1923 oum
845 1865 946 1922 smeret
954 1859 975 1943 ³)
992 1880 1091 1926 sacer·

75 1945 118 2008 dos
137 1951 183 2024 qni
201 1953 227 2010 ei
247 1952 352 2008 misses
373 1949 546 2024 celebrabat,
567 1967 689 2026 eumque
710 1949 892 2026 postrdnsset,
913 1955 943 2011 et
962 1949 1012 2012 illr
1031 1968 1091 2012 non

75 2037 210 2112 munisset,
229 2052 374 2098 reuersum
394 2037 571 2111 minabatur,
597 2039 651 2096 nisi
673 2032 805 2116 saltem⁴)
826 2037 952 2098 mediam
974 2040 999 2098 ei
1020 2055 1091 2114 par·

75 2125 123 2182 tam
147 2122 270 2184 doomet'
311 2123 368 2184 llln
393 2139 463 2184 uero
493 2122 607 2184 dentem
628 2123 751 2184 multum
773 2123 905 2201 diligens,
940 2130 970 2184 et
990 2141 1090 2186 ssoer·

76 2204 241 2272 dotatarum
267 2209 383 2286 nolum,
402 2218 436 2270 nt
456 2210 628 2272 dindnntnr
650 2214 809 2287 consensit,
826 2211 895 2272 lium
913 2213 1090 2274 invitissimo.

74 2290 197 2356 liliatas.
237 2297 307 2358 Mox
329 2300 404 2359 enim
424 2304 457 2356 ut
477 2298 612 2358 sacerdos
634 2297 780 2358 cultellum
801 2298 879 2358 denti
899 2300 1091 2376 superposuit,

75 2383 135 2440 rosi
150 2383 238 2444 denuo
258 2393 376 2444 sanetus
396 2391 548 2462 pateretur,
569 2387 702 2462 guttafim
724 2384 761 2445 de
781 2384 830 2446 illo
851 2388 967 2462 sanguis
988 2387 1091 2464 erupit.

76 2464 197 2541 Quouiso
215 2471 349 2532 saterdos
369 2475 482 2532 territus
503 2479 556 2548 est,
577 2473 748 2548 dentemque
769 2472 895 2532 inclusae
917 2471 1023 2534 dimisit
1041 2475 1089 2532 in-

76 2559 178 2630 tegrum.
216 2559 279 2636 Ego
294 2575 363 2620 uero
378 2559 503 2619 eundem
522 2559 636 2620 dentem
659 2576 734 2619 anno
755 2561 909 2636 praeterito
930 2559 989 2620 vidi
1010 2558 1089 2638 apud

75 2645 282 2706 smotimoninles
306 2649 336 2704 in
364 2647 495 2706 Poroeto.
538 2646 624 2722 Quod
653 2647 826 2723 quandoque
849 2645 984 2724 Apostoli
1016 2662 1088 2708 oon-

76 2733 212 2794 mmnmles
233 2750 267 2794 se
285 2736 414 2810 puniant,
433 2751 502 2794 seue
522 2733 694 2810 exemplum.

402 2887 634 2986 urrunnun
661 2923 745 2984 nxr

188 3043 366 3124 Destruite
387 3065 465 3123 queue
483 3054 619 3108 sarmium
639 3042 757 3108 Judan
777 3046 957 3123 mammeti,

126 3163 250 3230 Matrona
276 3167 420 3245 quaedam
447 3168 601 3246 spetialem
626 3166 802 3244 Apostolum
832 3165 941 3230 bahem
971 3163 1088 3244 rolens,

77 3263 129 3310 aum
154 3271 186 3314 oo
207 3255 293 3316 modo
315 3273 373 3331 quo
391 3273 481 3332 supra
501 3255 609 3315 dictum
631 3261 676 3314 est
696 3254 732 3316 de
753 3261 854 3316 omitto
875 3253 1009 3332 Andros,
1035 3271 1089 3332 per

76 3339 203 3402 andelam
222 3342 340 3403 beatum
363 3341 473 3402 dudam
493 3349 526 3402 nt
546 3349 616 3420 puto
638 3343 822 3418 extraxisset,
842 3343 924 3420 bom,
944 3349 1020 3404 nuo
1040 3341 1089 3404 al·

76 3424 156 3507 tris‘)
181 3431 279 3492 cisun
300 3429 451 3490 aaronem
471 3447 537 3490 oum
557 3431 672 3490 nondne
692 3431 821 3492 merent
861 3429 989 3492 Volebat
1009 3431 1087 3492 mrim

77 3506 348 3598 monumenque
367 3516 814 3594 nonomtrsdposmmutssr
833 3523 951 3580 sunm
970 3515 1088 3580 dohan-

92 3695 116 3766 1)
127 3696 168 3754 Bo
182 3701 441 3757 serstorum
458 3733 493 3745 -
509 3703 543 3772 2]
559 3703 621 3756 Aoo
641 3703 691 3756 rdtl
707 3701 785 3758 Λα).
803 3731 835 3744 ·-
853 3702 886 3770 3)
902 3700 948 3756 BD
965 3700 1087 3756 rolrlr·

130 3779 181 3826 tsi.
197 3799 228 3828 ῳ
244 3771 317 3842 00
338 3773 460 3837 ultim
481 3787 541 3826 mr
558 3772 580 3826 C
596 3774 626 3826 ei
642 3771 775 3826 nediu
820 3780 940 3834 arton,
962 3769 1007 3824 Bo
1023 3784 1087 3824 rao·

130 3833 791 3930 liusportentet-ihlrsrinldlb-d)
852 3835 1085 3894 tramisisse,

19 3986 311 4230 A
