<?xml version="1.0" encoding="UTF-8"?>
<!DOCTYPE html PUBLIC "-//W3C//DTD XHTML 1.0 Transitional//EN"
    "http://www.w3.org/TR/xhtml1/DTD/xhtml1-transitional.dtd">
<html xmlns="http://www.w3.org/1999/xhtml" xml:lang="en" lang="en">
 <head>
  <title>
</title>
<meta http-equiv="Content-Type" content="text/html;charset=utf-8" />
  <meta name='ocr-system' content='tesseract 3.04.00' />
  <meta name='ocr-capabilities' content='ocr_page ocr_carea ocr_par ocr_line ocrx_word'/>
</head>
<body>
  <div class='ocr_page' id='page_1' title='image "./caesariiheister02stragoog_0183.png"; bbox 0 0 2512 4254; ppageno 0'>
   <div class='ocr_carea' id='block_1_1' title="bbox 526 271 887 336">
    <p class='ocr_par' dir='ltr' id='par_1_1' title="bbox 526 271 887 336">
     <span class='ocr_line' id='line_1_1' title="bbox 526 271 887 336; baseline 0.011 -3"><span class='ocrx_word' id='word_1_1' title='bbox 526 271 754 336; x_wconf 76' lang='lat' dir='ltr'><strong>DISTING&#39;I&#39;IO</strong></span> <span class='ocrx_word' id='word_1_2' title='bbox 774 272 887 336; x_wconf 81' lang='lat' dir='ltr'><strong>NONA</strong></span> 
     </span>
    </p>
   </div>
   <div class='ocr_carea' id='block_1_2' title="bbox 534 463 864 527">
    <p class='ocr_par' dir='ltr' id='par_1_2' title="bbox 534 463 864 527">
     <span class='ocr_line' id='line_1_2' title="bbox 534 463 864 527; baseline 0.012 -4"><span class='ocrx_word' id='word_1_3' title='bbox 534 463 766 526; x_wconf 80' lang='lat' dir='ltr'><strong>CAPITULUM</strong></span> <span class='ocrx_word' id='word_1_4' title='bbox 794 465 864 527; x_wconf 81' lang='lat' dir='ltr'>VII.</span> 
     </span>
    </p>
   </div>
   <div class='ocr_carea' id='block_1_3' title="bbox 235 585 1147 750">
    <p class='ocr_par' dir='ltr' id='par_1_3' title="bbox 235 585 1147 750">
     <span class='ocr_line' id='line_1_3' title="bbox 235 585 1147 665; baseline 0.004 -19"><span class='ocrx_word' id='word_1_5' title='bbox 235 588 283 646; x_wconf 83' lang='lat' dir='ltr'><strong>Do</strong></span> <span class='ocrx_word' id='word_1_6' title='bbox 304 603 426 663; x_wconf 80' lang='lat' dir='ltr'><strong>empore</strong></span> <span class='ocrx_word' id='word_1_7' title='bbox 447 585 570 646; x_wconf 78' lang='lat' dir='ltr'><em>Domini</em></span> <span class='ocrx_word' id='word_1_8' title='bbox 591 589 623 645; x_wconf 83' lang='lat' dir='ltr'><strong>in</strong></span> <span class='ocrx_word' id='word_1_9' title='bbox 645 587 762 645; x_wconf 81' lang='lat' dir='ltr'><strong>eeclesia</strong></span> <span class='ocrx_word' id='word_1_10' title='bbox 780 586 897 664; x_wconf 69' lang='lat' dir='ltr'><strong>furato,</strong></span> <span class='ocrx_word' id='word_1_11' title='bbox 915 587 1003 665; x_wconf 24' lang='lat' dir='ltr'><strong>,quod</strong></span> <span class='ocrx_word' id='word_1_12' title='bbox 1022 605 1042 648; x_wconf 86' lang='lat' dir='ltr'><strong>o</strong></span> <span class='ocrx_word' id='word_1_13' title='bbox 1063 587 1147 650; x_wconf 76' lang='lat' dir='ltr'><strong>bobas</strong></span> 
     </span>
     <span class='ocr_line' id='line_1_4' title="bbox 511 673 886 750; baseline 0.008 -19"><span class='ocrx_word' id='word_1_14' title='bbox 511 676 543 731; x_wconf 86' lang='lat' dir='ltr'><strong>in</strong></span> <span class='ocrx_word' id='word_1_15' title='bbox 565 691 640 748; x_wconf 77' lang='lat' dir='ltr'><strong>apro</strong></span> <span class='ocrx_word' id='word_1_16' title='bbox 656 673 814 750; x_wconf 81' lang='lat' dir='ltr'><strong>proditum</strong></span> <span class='ocrx_word' id='word_1_17' title='bbox 836 681 886 734; x_wconf 75' lang='lat' dir='ltr'><strong>est.</strong></span> 
     </span>
    </p>
   </div>
   <div class='ocr_carea' id='block_1_4' title="bbox 169 791 1242 2700">
    <p class='ocr_par' dir='ltr' id='par_1_4' title="bbox 169 791 1242 2700">
     <span class='ocr_line' id='line_1_5' title="bbox 242 791 1194 874; baseline 0.001 -21"><span class='ocrx_word' id='word_1_18' title='bbox 242 794 277 853; x_wconf 91' lang='lat' dir='ltr'><strong>In</strong></span> <span class='ocrx_word' id='word_1_19' title='bbox 298 793 367 854; x_wconf 82' lang='lat' dir='ltr'><strong>villa</strong></span> <span class='ocrx_word' id='word_1_20' title='bbox 388 810 463 869; x_wconf 88' lang='lat' dir='ltr'><strong>quae</strong></span> <span class='ocrx_word' id='word_1_21' title='bbox 484 793 606 854; x_wconf 90' lang='lat' dir='ltr'><strong>Komele</strong></span> <span class='ocrx_word' id='word_1_22' title='bbox 618 791 635 874; x_wconf 86' lang='lat'><strong>¹)</strong></span> <span class='ocrx_word' id='word_1_23' title='bbox 659 793 769 869; x_wconf 89' lang='lat' dir='ltr'><strong>dicitnr,</strong></span> <span class='ocrx_word' id='word_1_24' title='bbox 792 801 878 854; x_wconf 88' lang='lat' dir='ltr'><strong>noete</strong></span> <span class='ocrx_word' id='word_1_25' title='bbox 898 795 977 856; x_wconf 84' lang='lat' dir='ltr'><strong>iures</strong></span> <span class='ocrx_word' id='word_1_26' title='bbox 998 793 1141 856; x_wconf 87' lang='lat' dir='ltr'><strong>eeclesiam</strong></span> <span class='ocrx_word' id='word_1_27' title='bbox 1158 797 1194 854; x_wconf 92' lang='lat' dir='ltr'><strong>in·</strong></span> 
     </span>
     <span class='ocr_line' id='line_1_6' title="bbox 177 881 1194 958; baseline 0.003 -20"><span class='ocrx_word' id='word_1_28' title='bbox 177 881 344 958; x_wconf 74' lang='lat' dir='ltr'><strong>iungentes,</strong></span> <span class='ocrx_word' id='word_1_29' title='bbox 372 881 445 940; x_wconf 89' lang='lat' dir='ltr'><strong>inter</strong></span> <span class='ocrx_word' id='word_1_30' title='bbox 474 887 568 940; x_wconf 86' lang='lat' dir='ltr'><strong>cetera</strong></span> <span class='ocrx_word' id='word_1_31' title='bbox 596 884 682 940; x_wconf 87' lang='lat' dir='ltr'><strong>etiem</strong></span> <span class='ocrx_word' id='word_1_32' title='bbox 711 883 846 941; x_wconf 87' lang='lat' dir='ltr'><strong>scrinium</strong></span> <span class='ocrx_word' id='word_1_33' title='bbox 872 899 939 942; x_wconf 88' lang='lat' dir='ltr'><strong>eum</strong></span> <span class='ocrx_word' id='word_1_34' title='bbox 960 899 1077 958; x_wconf 89' lang='lat' dir='ltr'><strong>corpore</strong></span> <span class='ocrx_word' id='word_1_35' title='bbox 1097 882 1194 941; x_wconf 80' lang='lat' dir='ltr'>Domini</span> 
     </span>
     <span class='ocr_line' id='line_1_7' title="bbox 176 967 1194 1046; baseline 0.002 -20"><span class='ocrx_word' id='word_1_36' title='bbox 176 967 243 1028; x_wconf 84' lang='lat' dir='ltr'><strong>mde</strong></span> <span class='ocrx_word' id='word_1_37' title='bbox 269 968 404 1028; x_wconf 85' lang='lat' dir='ltr'><strong>turleruut</strong></span> <span class='ocrx_word' id='word_1_38' title='bbox 447 967 504 1044; x_wconf 83' lang='lat' dir='ltr'><strong>Qui</strong></span> <span class='ocrx_word' id='word_1_39' title='bbox 531 985 596 1026; x_wconf 90' lang='lat' dir='ltr'><strong>oum</strong></span> <span class='ocrx_word' id='word_1_40' title='bbox 622 967 692 1026; x_wconf 88' lang='lat' dir='ltr'><strong>nihil</strong></span> <span class='ocrx_word' id='word_1_41' title='bbox 719 967 798 1027; x_wconf 91' lang='lat' dir='ltr'><strong>aliud</strong></span> <span class='ocrx_word' id='word_1_42' title='bbox 826 969 856 1026; x_wconf 94' lang='lat' dir='ltr'><strong>in</strong></span> <span class='ocrx_word' id='word_1_43' title='bbox 886 985 919 1028; x_wconf 89' lang='lat' dir='ltr'><strong>ee</strong></span> <span class='ocrx_word' id='word_1_44' title='bbox 949 975 1062 1045; x_wconf 87' lang='lat' dir='ltr'><strong>praeter</strong></span> <span class='ocrx_word' id='word_1_45' title='bbox 1081 969 1194 1046; x_wconf 76' lang='lat' dir='ltr'>reliquias</span> 
     </span>
     <span class='ocr_line' id='line_1_8' title="bbox 177 1053 1194 1133; baseline 0 -19"><span class='ocrx_word' id='word_1_46' title='bbox 177 1061 207 1114; x_wconf 88' lang='lat' dir='ltr'><strong>et</strong></span> <span class='ocrx_word' id='word_1_47' title='bbox 233 1054 359 1131; x_wconf 82' lang='lat' dir='ltr'><strong>pixidem</strong></span> <span class='ocrx_word' id='word_1_48' title='bbox 388 1071 453 1113; x_wconf 91' lang='lat' dir='ltr'><strong>cum</strong></span> <span class='ocrx_word' id='word_1_49' title='bbox 480 1062 658 1114; x_wconf 87' lang='lat' dir='ltr'><strong>sacramente</strong></span> <span class='ocrx_word' id='word_1_50' title='bbox 681 1057 866 1132; x_wconf 89' lang='lat' dir='ltr'><strong>reperissent,</strong></span> <span class='ocrx_word' id='word_1_51' title='bbox 897 1055 937 1114; x_wconf 91' lang='lat' dir='ltr'><strong>nil</strong></span> <span class='ocrx_word' id='word_1_52' title='bbox 965 1073 1081 1133; x_wconf 90' lang='lat' dir='ltr'><strong>prorsus</strong></span> <span class='ocrx_word' id='word_1_53' title='bbox 1108 1053 1139 1115; x_wconf 89' lang='lat' dir='ltr'><strong>de</strong></span> <span class='ocrx_word' id='word_1_54' title='bbox 1163 1056 1194 1114; x_wconf 90' lang='lat' dir='ltr'><strong>eis</strong></span> 
     </span>
     <span class='ocr_line' id='line_1_9' title="bbox 177 1139 1194 1222; baseline -0.003 -20"><span class='ocrx_word' id='word_1_55' title='bbox 177 1148 324 1217; x_wconf 79' lang='lat' dir='ltr'>curantes,</span> <span class='ocrx_word' id='word_1_56' title='bbox 353 1141 472 1200; x_wconf 85' lang='lat' dir='ltr'><strong>eandem</strong></span> <span class='ocrx_word' id='word_1_57' title='bbox 493 1140 619 1218; x_wconf 87' lang='lat' dir='ltr'>pixidem</span> <span class='ocrx_word' id='word_1_58' title='bbox 640 1159 727 1219; x_wconf 90' lang='lat' dir='ltr'><strong>super</strong></span> <span class='ocrx_word' id='word_1_59' title='bbox 754 1141 866 1201; x_wconf 90' lang='lat' dir='ltr'><strong>sulcum</strong></span> <span class='ocrx_word' id='word_1_60' title='bbox 894 1144 956 1222; x_wconf 82' lang='lat' dir='ltr'><strong>agri</strong></span> <span class='ocrx_word' id='word_1_61' title='bbox 973 1139 1068 1203; x_wconf 71' lang='lat' dir='ltr'><strong>&#39;villae</strong></span> <span class='ocrx_word' id='word_1_62' title='bbox 1092 1141 1194 1220; x_wconf 81' lang='lat' dir='ltr'><strong>proximi</strong></span> 
     </span>
     <span class='ocr_line' id='line_1_10' title="bbox 175 1224 1193 1306; baseline -0.001 -18"><span class='ocrx_word' id='word_1_63' title='bbox 175 1235 314 1305; x_wconf 86' lang='lat' dir='ltr'><strong>ponentes</strong></span> <span class='ocrx_word' id='word_1_64' title='bbox 344 1229 453 1288; x_wconf 82' lang='lat' dir='ltr'><strong>confusi</strong></span> <span class='ocrx_word' id='word_1_65' title='bbox 480 1235 666 1288; x_wconf 89' lang='lat' dir='ltr'><strong>recesserunt.</strong></span> <span class='ocrx_word' id='word_1_66' title='bbox 708 1227 796 1288; x_wconf 88' lang='lat' dir='ltr'><strong>Mane</strong></span> <span class='ocrx_word' id='word_1_67' title='bbox 825 1247 891 1288; x_wconf 89' lang='lat' dir='ltr'><strong>cum</strong></span> <span class='ocrx_word' id='word_1_68' title='bbox 916 1231 1039 1289; x_wconf 89' lang='lat' dir='ltr'><strong>rusticus</strong></span> <span class='ocrx_word' id='word_1_69' title='bbox 1067 1224 1193 1306; x_wconf 69' lang='lat' dir='ltr'><strong>quidem)</strong></span> 
     </span>
     <span class='ocr_line' id='line_1_11' title="bbox 176 1314 1193 1394; baseline -0.002 -18"><span class='ocrx_word' id='word_1_70' title='bbox 176 1331 243 1376; x_wconf 92' lang='lat' dir='ltr'><strong>cum</strong></span> <span class='ocrx_word' id='word_1_71' title='bbox 264 1322 357 1375; x_wconf 86' lang='lat' dir='ltr'><strong>aratro</strong></span> <span class='ocrx_word' id='word_1_72' title='bbox 380 1322 409 1374; x_wconf 89' lang='lat' dir='ltr'><strong>et</strong></span> <span class='ocrx_word' id='word_1_73' title='bbox 429 1316 524 1375; x_wconf 91' lang='lat' dir='ltr'><strong>bobus</strong></span> <span class='ocrx_word' id='word_1_74' title='bbox 544 1317 574 1374; x_wconf 93' lang='lat' dir='ltr'><strong>in</strong></span> <span class='ocrx_word' id='word_1_75' title='bbox 596 1314 698 1375; x_wconf 91' lang='lat' dir='ltr'><strong>eodem</strong></span> <span class='ocrx_word' id='word_1_76' title='bbox 719 1332 788 1392; x_wconf 87' lang='lat' dir='ltr'><strong>agre</strong></span> <span class='ocrx_word' id='word_1_77' title='bbox 803 1323 905 1392; x_wconf 84' lang='lat' dir='ltr'><strong>araret,</strong></span> <span class='ocrx_word' id='word_1_78' title='bbox 926 1319 1124 1394; x_wconf 81' lang='lat' dir='ltr'><strong>venissentque</strong></span> <span class='ocrx_word' id='word_1_79' title='bbox 1143 1317 1193 1376; x_wconf 87' lang='lat' dir='ltr'><strong>eui-</strong></span> 
     </span>
     <span class='ocr_line' id='line_1_12' title="bbox 174 1398 1192 1482; baseline 0 -22"><span class='ocrx_word' id='word_1_80' title='bbox 174 1402 263 1461; x_wconf 85' lang='lat' dir='ltr'><strong>malia</strong></span> <span class='ocrx_word' id='word_1_81' title='bbox 291 1404 371 1461; x_wconf 87' lang='lat' dir='ltr'><strong>iuxta</strong></span> <span class='ocrx_word' id='word_1_82' title='bbox 391 1402 524 1478; x_wconf 84' lang='lat' dir='ltr'><strong>pixidem,</strong></span> <span class='ocrx_word' id='word_1_83' title='bbox 546 1408 692 1478; x_wconf 88' lang='lat' dir='ltr'><strong>stupentes</strong></span> <span class='ocrx_word' id='word_1_84' title='bbox 701 1398 721 1482; x_wconf 82' lang='lat'><strong>³)</strong></span> <span class='ocrx_word' id='word_1_85' title='bbox 737 1407 883 1462; x_wconf 80' lang='lat' dir='ltr'><strong>steterunt</strong></span> <span class='ocrx_word' id='word_1_86' title='bbox 927 1401 1009 1480; x_wconf 86' lang='lat' dir='ltr'><strong>Quos</strong></span> <span class='ocrx_word' id='word_1_87' title='bbox 1032 1421 1096 1466; x_wconf 90' lang='lat' dir='ltr'><strong>oum</strong></span> <span class='ocrx_word' id='word_1_88' title='bbox 1116 1409 1192 1462; x_wconf 89' lang='lat' dir='ltr'><strong>arator</strong></span> 
     </span>
     <span class='ocr_line' id='line_1_13' title="bbox 174 1485 1192 1565; baseline -0.002 -17"><span class='ocrx_word' id='word_1_89' title='bbox 174 1488 344 1565; x_wconf 84' lang='lat' dir='ltr'><strong>stimularet,</strong></span> <span class='ocrx_word' id='word_1_90' title='bbox 364 1506 419 1548; x_wconf 91' lang='lat' dir='ltr'><strong>nec</strong></span> <span class='ocrx_word' id='word_1_91' title='bbox 440 1489 639 1565; x_wconf 86' lang='lat' dir='ltr'><strong>procederent,</strong></span> <span class='ocrx_word' id='word_1_92' title='bbox 661 1507 738 1549; x_wconf 89' lang='lat' dir='ltr'><strong>nuno</strong></span> <span class='ocrx_word' id='word_1_93' title='bbox 758 1489 979 1564; x_wconf 86' lang='lat' dir='ltr'><strong>recalcitrando,</strong></span> <span class='ocrx_word' id='word_1_94' title='bbox 1000 1509 1076 1550; x_wconf 88' lang='lat' dir='ltr'><strong>nune</strong></span> <span class='ocrx_word' id='word_1_95' title='bbox 1097 1485 1192 1550; x_wconf 85' lang='lat' dir='ltr'><strong>exorbi-</strong></span> 
     </span>
     <span class='ocr_line' id='line_1_14' title="bbox 173 1571 1242 1653; baseline -0.001 -19"><span class='ocrx_word' id='word_1_96' title='bbox 173 1575 277 1652; x_wconf 89' lang='lat' dir='ltr'><strong>tando,</strong></span> <span class='ocrx_word' id='word_1_97' title='bbox 305 1578 393 1636; x_wconf 84' lang='lat' dir='ltr'><strong>iratum</strong></span> <span class='ocrx_word' id='word_1_98' title='bbox 421 1579 476 1635; x_wconf 85' lang='lat' dir='ltr'><strong>ait:</strong></span> <span class='ocrx_word' id='word_1_99' title='bbox 509 1576 581 1653; x_wconf 82' lang='lat' dir='ltr'><strong>Quis</strong></span> <span class='ocrx_word' id='word_1_100' title='bbox 610 1575 741 1636; x_wconf 87' lang='lat' dir='ltr'><strong>diabolus</strong></span> <span class='ocrx_word' id='word_1_101' title='bbox 770 1583 813 1636; x_wconf 89' lang='lat' dir='ltr'><strong>est</strong></span> <span class='ocrx_word' id='word_1_102' title='bbox 840 1579 870 1635; x_wconf 90' lang='lat' dir='ltr'><strong>in</strong></span> <span class='ocrx_word' id='word_1_103' title='bbox 898 1577 994 1638; x_wconf 90' lang='lat' dir='ltr'><strong>bobus</strong></span> <span class='ocrx_word' id='word_1_104' title='bbox 1022 1571 1103 1637; x_wconf 78' lang='lat' dir='ltr'><strong>istis?</strong></span> <span class='ocrx_word' id='word_1_105' title='bbox 1141 1577 1192 1635; x_wconf 89' lang='lat' dir='ltr'><strong>Non</strong></span> <span class='ocrx_word' id='word_1_106' title='bbox 1241 1589 1242 1604; x_wconf 63' lang='lat'>¹</span> 
     </span>
     <span class='ocr_line' id='line_1_15' title="bbox 174 1661 1191 1740; baseline -0.001 -18"><span class='ocrx_word' id='word_1_107' title='bbox 174 1665 250 1722; x_wconf 92' lang='lat' dir='ltr'><strong>enim</strong></span> <span class='ocrx_word' id='word_1_108' title='bbox 271 1664 346 1724; x_wconf 87' lang='lat' dir='ltr'><strong>olere</strong></span> <span class='ocrx_word' id='word_1_109' title='bbox 367 1662 464 1722; x_wconf 86' lang='lat' dir='ltr'><strong>videre</strong></span> <span class='ocrx_word' id='word_1_110' title='bbox 485 1668 606 1739; x_wconf 88' lang='lat' dir='ltr'><strong>peterat,</strong></span> <span class='ocrx_word' id='word_1_111' title='bbox 628 1665 696 1739; x_wconf 87' lang='lat' dir='ltr'><strong>quie</strong></span> <span class='ocrx_word' id='word_1_112' title='bbox 716 1665 832 1724; x_wconf 85' lang='lat' dir='ltr'><strong>mortu</strong></span> <span class='ocrx_word' id='word_1_113' title='bbox 854 1662 909 1723; x_wconf 89' lang='lat' dir='ltr'><strong>diei</strong></span> <span class='ocrx_word' id='word_1_114' title='bbox 930 1661 1040 1726; x_wconf 80' lang='lat' dir='ltr'><strong>arebat</strong></span> <span class='ocrx_word' id='word_1_115' title='bbox 1078 1663 1191 1740; x_wconf 86' lang='lat' dir='ltr'><strong>Diligen-</strong></span> 
     </span>
     <span class='ocr_line' id='line_1_16' title="bbox 173 1747 1192 1827; baseline -0.002 -18"><span class='ocrx_word' id='word_1_116' title='bbox 173 1753 229 1810; x_wconf 84' lang='lat' dir='ltr'><strong>tius</strong></span> <span class='ocrx_word' id='word_1_117' title='bbox 250 1758 348 1811; x_wconf 88' lang='lat' dir='ltr'><strong>temen</strong></span> <span class='ocrx_word' id='word_1_118' title='bbox 369 1747 607 1827; x_wconf 82' lang='lat' dir='ltr'><strong>circumspiciens,</strong></span> <span class='ocrx_word' id='word_1_119' title='bbox 629 1750 816 1826; x_wconf 86' lang='lat' dir='ltr'><strong>deprehendit</strong></span> <span class='ocrx_word' id='word_1_120' title='bbox 836 1756 903 1810; x_wconf 85' lang='lat' dir='ltr'><strong>unte</strong></span> <span class='ocrx_word' id='word_1_121' title='bbox 923 1750 1013 1826; x_wconf 89' lang='lat' dir='ltr'><strong>pedes</strong></span> <span class='ocrx_word' id='word_1_122' title='bbox 1034 1752 1119 1811; x_wconf 91' lang='lat' dir='ltr'><strong>boum</strong></span> <span class='ocrx_word' id='word_1_123' title='bbox 1131 1749 1192 1826; x_wconf 86' lang='lat' dir='ltr'><strong>pixi-</strong></span> 
     </span>
     <span class='ocr_line' id='line_1_17' title="bbox 173 1836 1191 1912; baseline -0.003 -16"><span class='ocrx_word' id='word_1_124' title='bbox 173 1836 253 1912; x_wconf 88' lang='lat' dir='ltr'><strong>dem,</strong></span> <span class='ocrx_word' id='word_1_125' title='bbox 282 1846 311 1897; x_wconf 91' lang='lat' dir='ltr'><strong>et</strong></span> <span class='ocrx_word' id='word_1_126' title='bbox 339 1839 473 1898; x_wconf 88' lang='lat' dir='ltr'><strong>scrinium</strong></span> <span class='ocrx_word' id='word_1_127' title='bbox 502 1836 639 1897; x_wconf 86' lang='lat' dir='ltr'><strong>ecclesiae</strong></span> <span class='ocrx_word' id='word_1_128' title='bbox 668 1855 739 1896; x_wconf 88' lang='lat' dir='ltr'><strong>suae</strong></span> <span class='ocrx_word' id='word_1_129' title='bbox 759 1840 839 1897; x_wconf 89' lang='lat' dir='ltr'><strong>iuxta</strong></span> <span class='ocrx_word' id='word_1_130' title='bbox 859 1836 946 1896; x_wconf 85' lang='lat' dir='ltr'><strong>ssiam.</strong></span> <span class='ocrx_word' id='word_1_131' title='bbox 990 1837 1073 1898; x_wconf 83' lang='lat' dir='ltr'><strong>Tunc</strong></span> <span class='ocrx_word' id='word_1_132' title='bbox 1094 1853 1191 1898; x_wconf 90' lang='lat' dir='ltr'><strong>eausam</strong></span> 
     </span>
     <span class='ocr_line' id='line_1_18' title="bbox 172 1923 1190 2001; baseline -0.002 -19"><span class='ocrx_word' id='word_1_133' title='bbox 172 1924 333 1984; x_wconf 84' lang='lat' dir='ltr'><strong>rebellionis</strong></span> <span class='ocrx_word' id='word_1_134' title='bbox 354 1941 412 1984; x_wconf 91' lang='lat' dir='ltr'><strong>nen</strong></span> <span class='ocrx_word' id='word_1_135' title='bbox 432 1926 581 2000; x_wconf 83' lang='lat' dir='ltr'><strong>ignorans,</strong></span> <span class='ocrx_word' id='word_1_136' title='bbox 607 1926 738 1985; x_wconf 91' lang='lat' dir='ltr'><strong>omnibus</strong></span> <span class='ocrx_word' id='word_1_137' title='bbox 759 1926 789 1983; x_wconf 92' lang='lat' dir='ltr'><strong>in</strong></span> <span class='ocrx_word' id='word_1_138' title='bbox 810 1940 880 2001; x_wconf 83' lang='lat' dir='ltr'><strong>egro</strong></span> <span class='ocrx_word' id='word_1_139' title='bbox 902 1923 1041 2000; x_wconf 88' lang='lat' dir='ltr'><strong>dimissis,</strong></span> <span class='ocrx_word' id='word_1_140' title='bbox 1061 1927 1091 1984; x_wconf 89' lang='lat' dir='ltr'><strong>in</strong></span> <span class='ocrx_word' id='word_1_141' title='bbox 1111 1923 1190 1984; x_wconf 90' lang='lat' dir='ltr'><strong>villam</strong></span> 
     </span>
     <span class='ocr_line' id='line_1_19' title="bbox 171 2007 1190 2090; baseline -0.007 -15"><span class='ocrx_word' id='word_1_142' title='bbox 171 2007 369 2090; x_wconf 59' lang='lat' dir='ltr'><strong>recucurritl),</strong></span> <span class='ocrx_word' id='word_1_143' title='bbox 399 2018 458 2070; x_wconf 90' lang='lat' dir='ltr'><strong>tam</strong></span> <span class='ocrx_word' id='word_1_144' title='bbox 487 2011 630 2071; x_wconf 87' lang='lat' dir='ltr'><strong>sacerdoti</strong></span> <span class='ocrx_word' id='word_1_145' title='bbox 658 2028 744 2088; x_wconf 87' lang='lat' dir='ltr'><strong>quem</strong></span> <span class='ocrx_word' id='word_1_146' title='bbox 767 2014 867 2072; x_wconf 88' lang='lat' dir='ltr'><strong>ceteris</strong></span> <span class='ocrx_word' id='word_1_147' title='bbox 889 2029 965 2087; x_wconf 87' lang='lat' dir='ltr'><strong>quae</strong></span> <span class='ocrx_word' id='word_1_148' title='bbox 987 2018 1054 2072; x_wconf 86' lang='lat' dir='ltr'><strong>acta</strong></span> <span class='ocrx_word' id='word_1_149' title='bbox 1074 2017 1136 2072; x_wconf 88' lang='lat' dir='ltr'><strong>sunt</strong></span> <span class='ocrx_word' id='word_1_150' title='bbox 1152 2025 1190 2068; x_wconf 90' lang='lat' dir='ltr'><strong>rc-</strong></span> 
     </span>
     <span class='ocr_line' id='line_1_20' title="bbox 170 2089 1189 2176; baseline -0.003 -20"><span class='ocrx_word' id='word_1_151' title='bbox 170 2097 273 2158; x_wconf 88' lang='lat' dir='ltr'><strong>ierens.</strong></span> <span class='ocrx_word' id='word_1_152' title='bbox 327 2097 408 2157; x_wconf 82' lang='lat' dir='ltr'><strong>Tune</strong></span> <span class='ocrx_word' id='word_1_153' title='bbox 444 2115 543 2158; x_wconf 89' lang='lat' dir='ltr'><strong>omnes</strong></span> <span class='ocrx_word' id='word_1_154' title='bbox 582 2089 666 2157; x_wconf 90' lang='lat' dir='ltr'><strong>simul</strong></span> <span class='ocrx_word' id='word_1_155' title='bbox 700 2101 730 2157; x_wconf 90' lang='lat' dir='ltr'><strong>in</strong></span> <span class='ocrx_word' id='word_1_156' title='bbox 765 2117 866 2176; x_wconf 83' lang='lat' dir='ltr'><strong>agrum</strong></span> <span class='ocrx_word' id='word_1_157' title='bbox 902 2097 1106 2160; x_wconf 82' lang='lat' dir='ltr'><strong>descendentes</strong></span> <span class='ocrx_word' id='word_1_158' title='bbox 1138 2113 1189 2157; x_wconf 89' lang='lat' dir='ltr'><strong>oum</strong></span> 
     </span>
     <span class='ocr_line' id='line_1_21' title="bbox 172 2185 1189 2262; baseline -0.005 -17"><span class='ocrx_word' id='word_1_159' title='bbox 172 2201 264 2261; x_wconf 82' lang='lat' dir='ltr'><strong>cruce,</strong></span> <span class='ocrx_word' id='word_1_160' title='bbox 278 2185 421 2245; x_wconf 91' lang='lat' dir='ltr'><strong>thuribulo</strong></span> <span class='ocrx_word' id='word_1_161' title='bbox 437 2192 465 2244; x_wconf 91' lang='lat' dir='ltr'><strong>et</strong></span> <span class='ocrx_word' id='word_1_162' title='bbox 480 2187 576 2261; x_wconf 90' lang='lat' dir='ltr'><strong>cereis,</strong></span> <span class='ocrx_word' id='word_1_163' title='bbox 591 2202 694 2261; x_wconf 90' lang='lat' dir='ltr'><strong>corpus</strong></span> <span class='ocrx_word' id='word_1_164' title='bbox 705 2185 888 2262; x_wconf 84' lang='lat' dir='ltr'><strong>Dominicum</strong></span> <span class='ocrx_word' id='word_1_165' title='bbox 902 2187 931 2243; x_wconf 91' lang='lat' dir='ltr'><strong>in</strong></span> <span class='ocrx_word' id='word_1_166' title='bbox 947 2185 1096 2246; x_wconf 90' lang='lat' dir='ltr'><strong>eeclesiam</strong></span> <span class='ocrx_word' id='word_1_167' title='bbox 1107 2199 1189 2260; x_wconf 90' lang='lat' dir='ltr'><strong>reper-</strong></span> 
     </span>
     <span class='ocr_line' id='line_1_22' title="bbox 170 2269 1241 2348; baseline -0.005 -16"><span class='ocrx_word' id='word_1_168' title='bbox 170 2279 312 2333; x_wconf 79' lang='lat' dir='ltr'><strong>taveruut</strong></span> <span class='ocrx_word' id='word_1_169' title='bbox 354 2272 430 2332; x_wconf 84' lang='lat' dir='ltr'><strong>Huic</strong></span> <span class='ocrx_word' id='word_1_170' title='bbox 452 2275 626 2348; x_wconf 83' lang='lat' dir='ltr'><strong>processioni</strong></span> <span class='ocrx_word' id='word_1_171' title='bbox 647 2272 772 2331; x_wconf 84' lang='lat' dir='ltr'><strong>interfuit</strong></span> <span class='ocrx_word' id='word_1_172' title='bbox 794 2271 966 2332; x_wconf 82' lang='lat' dir='ltr'><strong>Godeiridus</strong></span> <span class='ocrx_word' id='word_1_173' title='bbox 987 2271 1069 2332; x_wconf 90' lang='lat' dir='ltr'><strong>Prior</strong></span> <span class='ocrx_word' id='word_1_174' title='bbox 1090 2271 1122 2331; x_wconf 91' lang='lat' dir='ltr'><strong>de</strong></span> <span class='ocrx_word' id='word_1_175' title='bbox 1137 2269 1189 2328; x_wconf 89' lang='lat' dir='ltr'><strong>He·</strong></span> <span class='ocrx_word' id='word_1_176' title='bbox 1240 2269 1241 2348; x_wconf 74' lang='lat' dir='ltr'>j</span> 
     </span>
     <span class='ocr_line' id='line_1_23' title="bbox 170 2355 1241 2442; baseline -0.001 -25"><span class='ocrx_word' id='word_1_177' title='bbox 170 2357 310 2440; x_wconf 79' lang='lat' dir='ltr'><strong>venne⁵),</strong></span> <span class='ocrx_word' id='word_1_178' title='bbox 341 2361 390 2436; x_wconf 90' lang='lat' dir='ltr'><strong>qui</strong></span> <span class='ocrx_word' id='word_1_179' title='bbox 418 2359 487 2418; x_wconf 92' lang='lat' dir='ltr'><strong>mihi</strong></span> <span class='ocrx_word' id='word_1_180' title='bbox 515 2362 569 2419; x_wconf 90' lang='lat' dir='ltr'><strong>ista</strong></span> <span class='ocrx_word' id='word_1_181' title='bbox 597 2361 735 2419; x_wconf 83' lang='lat' dir='ltr'><strong>recitavit</strong></span> <span class='ocrx_word' id='word_1_182' title='bbox 779 2357 906 2419; x_wconf 86' lang='lat' dir='ltr'><strong>Similem</strong></span> <span class='ocrx_word' id='word_1_183' title='bbox 927 2359 1066 2419; x_wconf 88' lang='lat' dir='ltr'><strong>honorem</strong></span> <span class='ocrx_word' id='word_1_184' title='bbox 1087 2361 1112 2419; x_wconf 90' lang='lat' dir='ltr'><strong>ei</strong></span> <span class='ocrx_word' id='word_1_185' title='bbox 1131 2355 1189 2416; x_wconf 87' lang='lat' dir='ltr'><strong>asini</strong></span> <span class='ocrx_word' id='word_1_186' title='bbox 1240 2367 1241 2442; x_wconf 55' lang='grc' dir='ltr'>ζ</span> 
     </span>
     <span class='ocr_line' id='line_1_24' title="bbox 170 2444 1188 2523; baseline -0.008 -17"><span class='ocrx_word' id='word_1_187' title='bbox 170 2447 360 2506; x_wconf 87' lang='lat' dir='ltr'><strong>exhibuerunt</strong></span> <span class='ocrx_word' id='word_1_188' title='bbox 381 2445 416 2505; x_wconf 94' lang='lat' dir='ltr'><strong>de</strong></span> <span class='ocrx_word' id='word_1_189' title='bbox 430 2447 527 2523; x_wconf 85' lang='lat' dir='ltr'><strong>platea</strong></span> <span class='ocrx_word' id='word_1_190' title='bbox 546 2448 576 2504; x_wconf 92' lang='lat' dir='ltr'><strong>in</strong></span> <span class='ocrx_word' id='word_1_191' title='bbox 596 2446 689 2505; x_wconf 91' lang='lat' dir='ltr'><strong>lutum</strong></span> <span class='ocrx_word' id='word_1_192' title='bbox 711 2444 919 2521; x_wconf 89' lang='lat' dir='ltr'><strong>descendendo,</strong></span> <span class='ocrx_word' id='word_1_193' title='bbox 941 2449 1014 2505; x_wconf 89' lang='lat' dir='ltr'><strong>siout</strong></span> <span class='ocrx_word' id='word_1_194' title='bbox 1035 2463 1081 2505; x_wconf 92' lang='lat' dir='ltr'><strong>me</strong></span> <span class='ocrx_word' id='word_1_195' title='bbox 1102 2445 1188 2504; x_wconf 87' lang='lat' dir='ltr'><strong>dixisse</strong></span> 
     </span>
     <span class='ocr_line' id='line_1_25' title="bbox 169 2527 1188 2609; baseline -0.005 -18"><span class='ocrx_word' id='word_1_196' title='bbox 169 2533 264 2593; x_wconf 91' lang='lat' dir='ltr'><strong>recolo</strong></span> <span class='ocrx_word' id='word_1_197' title='bbox 294 2532 472 2592; x_wconf 75' lang='lat' dir='ltr'><strong>distinctione</strong></span> <span class='ocrx_word' id='word_1_198' title='bbox 495 2539 598 2609; x_wconf 87' lang='lat' dir='ltr'><strong>quarta</strong></span> <span class='ocrx_word' id='word_1_199' title='bbox 619 2533 744 2609; x_wconf 87' lang='lat' dir='ltr'><strong>capitulo</strong></span> <span class='ocrx_word' id='word_1_200' title='bbox 765 2534 951 2609; x_wconf 85' lang='lat' dir='ltr'><strong>nonagesimo</strong></span> <span class='ocrx_word' id='word_1_201' title='bbox 973 2538 1086 2593; x_wconf 87' lang='lat' dir='ltr'><strong>octavo.</strong></span> <span class='ocrx_word' id='word_1_202' title='bbox 1125 2527 1188 2590; x_wconf 87' lang='lat' dir='ltr'><strong>Audi</strong></span> 
     </span>
     <span class='ocr_line' id='line_1_26' title="bbox 169 2615 885 2700; baseline -0.003 -21"><span class='ocrx_word' id='word_1_203' title='bbox 169 2637 246 2682; x_wconf 90' lang='lat' dir='ltr'><strong>nuuc</strong></span> <span class='ocrx_word' id='word_1_204' title='bbox 268 2621 304 2681; x_wconf 90' lang='lat' dir='ltr'><strong>dc</strong></span> <span class='ocrx_word' id='word_1_205' title='bbox 325 2621 487 2680; x_wconf 87' lang='lat' dir='ltr'><strong>vermiculis</strong></span> <span class='ocrx_word' id='word_1_206' title='bbox 508 2622 632 2679; x_wconf 85' lang='lat' dir='ltr'><strong>visiones</strong></span> <span class='ocrx_word' id='word_1_207' title='bbox 654 2621 723 2678; x_wconf 87' lang='lat' dir='ltr'><strong>setis</strong></span> <span class='ocrx_word' id='word_1_208' title='bbox 745 2615 885 2700; x_wconf 81' lang='lat' dir='ltr'><strong>dignas⁶).</strong></span> 
     </span>
    </p>
   </div>
   <div class='ocr_carea' id='block_1_5' title="bbox 168 2809 1187 3010">
    <p class='ocr_par' dir='ltr' id='par_1_5' title="bbox 168 2809 1187 3010">
     <span class='ocr_line' id='line_1_27' title="bbox 436 2809 864 2871; baseline 0 -1"><span class='ocrx_word' id='word_1_209' title='bbox 436 2844 440 2854; x_wconf 76' lang='lat'>=</span> <span class='ocrx_word' id='word_1_210' title='bbox 522 2809 755 2871; x_wconf 79' lang='lat' dir='ltr'><strong>cAPITULUM</strong></span> <span class='ocrx_word' id='word_1_211' title='bbox 780 2809 864 2870; x_wconf 89' lang='lat' dir='ltr'>VIIL</span> 
     </span>
     <span class='ocr_line' id='line_1_28' title="bbox 168 2929 1187 3010; baseline -0.003 -19"><span class='ocrx_word' id='word_1_212' title='bbox 168 2933 217 2991; x_wconf 82' lang='lat' dir='ltr'><strong>De</strong></span> <span class='ocrx_word' id='word_1_213' title='bbox 237 2933 343 3010; x_wconf 79' lang='lat' dir='ltr'><strong>opibus</strong></span> <span class='ocrx_word' id='word_1_214' title='bbox 371 2951 449 3010; x_wconf 83' lang='lat' dir='ltr'><strong>quoe</strong></span> <span class='ocrx_word' id='word_1_215' title='bbox 477 2932 629 2992; x_wconf 64' lang='lat' dir='ltr'><strong>basinam</strong></span> <span class='ocrx_word' id='word_1_216' title='bbox 655 2934 774 3008; x_wconf 77' lang='lat' dir='ltr'><strong>corpori</strong></span> <span class='ocrx_word' id='word_1_217' title='bbox 795 2932 953 2992; x_wconf 80' lang='lat' dir='ltr'><strong>Domim‘eo</strong></span> <span class='ocrx_word' id='word_1_218' title='bbox 973 2929 1187 3009; x_wconf 67' lang='lat' dir='ltr'><strong>fabricaverant</strong></span> 
     </span>
    </p>
   </div>
   <div class='ocr_carea' id='block_1_6' title="bbox 120 3070 1240 3583">
    <p class='ocr_par' dir='ltr' id='par_1_6' title="bbox 232 3070 1187 3149">
     <span class='ocr_line' id='line_1_29' title="bbox 232 3070 1187 3149; baseline -0.006 -19"><span class='ocrx_word' id='word_1_219' title='bbox 232 3071 337 3132; x_wconf 87' lang='lat' dir='ltr'><strong>Mulier</strong></span> <span class='ocrx_word' id='word_1_220' title='bbox 365 3073 508 3149; x_wconf 87' lang='lat' dir='ltr'><strong>quaedam</strong></span> <span class='ocrx_word' id='word_1_221' title='bbox 537 3090 603 3132; x_wconf 90' lang='lat' dir='ltr'><strong>cum</strong></span> <span class='ocrx_word' id='word_1_222' title='bbox 631 3089 701 3148; x_wconf 84' lang='lat' dir='ltr'><strong>apes</strong></span> <span class='ocrx_word' id='word_1_223' title='bbox 722 3071 827 3132; x_wconf 86' lang='lat' dir='ltr'><strong>multas</strong></span> <span class='ocrx_word' id='word_1_224' title='bbox 848 3073 983 3147; x_wconf 87' lang='lat' dir='ltr'><strong>nutriret,</strong></span> <span class='ocrx_word' id='word_1_225' title='bbox 1013 3078 1042 3130; x_wconf 89' lang='lat' dir='ltr'><strong>et</strong></span> <span class='ocrx_word' id='word_1_226' title='bbox 1061 3070 1123 3130; x_wconf 86' lang='lat' dir='ltr'><strong>illae</strong></span> <span class='ocrx_word' id='word_1_227' title='bbox 1141 3081 1187 3126; x_wconf 91' lang='lat' dir='ltr'><strong>non</strong></span> 
     </span>
    </p>

    <p class='ocr_par' dir='ltr' id='par_1_7' title="bbox 120 3154 1240 3583">
     <span class='ocr_line' id='line_1_30' title="bbox 120 3154 1240 3237; baseline -0.003 -23"><span class='ocrx_word' id='word_1_228' title='bbox 120 3175 123 3182; x_wconf 64' lang='lat'><strong><em>¹</em></strong></span> <span class='ocrx_word' id='word_1_229' title='bbox 167 3157 344 3234; x_wconf 88' lang='lat' dir='ltr'><strong>proficerent,</strong></span> <span class='ocrx_word' id='word_1_230' title='bbox 364 3161 422 3219; x_wconf 91' lang='lat' dir='ltr'><strong>ime</strong></span> <span class='ocrx_word' id='word_1_231' title='bbox 443 3162 550 3237; x_wconf 84' lang='lat' dir='ltr'><strong>passim</strong></span> <span class='ocrx_word' id='word_1_232' title='bbox 567 3166 751 3235; x_wconf 88' lang='lat' dir='ltr'><strong>morerentur,</strong></span> <span class='ocrx_word' id='word_1_233' title='bbox 773 3176 839 3219; x_wconf 90' lang='lat' dir='ltr'><strong>eum</strong></span> <span class='ocrx_word' id='word_1_234' title='bbox 860 3165 959 3219; x_wconf 88' lang='lat' dir='ltr'><strong>contra</strong></span> <span class='ocrx_word' id='word_1_235' title='bbox 980 3159 1036 3218; x_wconf 91' lang='lat' dir='ltr'><strong>hoe</strong></span> <span class='ocrx_word' id='word_1_236' title='bbox 1049 3154 1187 3218; x_wconf 90' lang='lat' dir='ltr'><strong>remedium</strong></span> <span class='ocrx_word' id='word_1_237' title='bbox 1239 3207 1240 3236; x_wconf 71' lang='lat'><strong>,</strong></span> 
     </span>
     <span class='ocr_line' id='line_1_31' title="bbox 168 3237 1187 3323; baseline -0.003 -21"><span class='ocrx_word' id='word_1_238' title='bbox 168 3245 389 3321; x_wconf 86' lang='lat' dir='ltr'><strong>circumquaque</strong></span> <span class='ocrx_word' id='word_1_239' title='bbox 411 3253 568 3323; x_wconf 82' lang='lat' dir='ltr'><strong>quaereret,</strong></span> <span class='ocrx_word' id='word_1_240' title='bbox 590 3246 698 3306; x_wconf 89' lang='lat' dir='ltr'><strong>dictum</strong></span> <span class='ocrx_word' id='word_1_241' title='bbox 721 3254 764 3306; x_wconf 89' lang='lat' dir='ltr'><strong>est</strong></span> <span class='ocrx_word' id='word_1_242' title='bbox 785 3248 812 3305; x_wconf 91' lang='lat' dir='ltr'><strong>ei</strong></span> <span class='ocrx_word' id='word_1_243' title='bbox 833 3248 900 3323; x_wconf 87' lang='lat' dir='ltr'><strong>quia</strong></span> <span class='ocrx_word' id='word_1_244' title='bbox 921 3247 946 3306; x_wconf 90' lang='lat' dir='ltr'><strong>si</strong></span> <span class='ocrx_word' id='word_1_245' title='bbox 967 3263 1070 3322; x_wconf 91' lang='lat' dir='ltr'><strong>corpus</strong></span> <span class='ocrx_word' id='word_1_246' title='bbox 1087 3237 1187 3302; x_wconf 89' lang='lat' dir='ltr'><strong>Domini</strong></span> 
     </span>
     <span class='ocr_line' id='line_1_32' title="bbox 167 3329 1186 3410; baseline -0.005 -20"><span class='ocrx_word' id='word_1_247' title='bbox 167 3333 240 3390; x_wconf 86' lang='lat' dir='ltr'><strong>inter</strong></span> <span class='ocrx_word' id='word_1_248' title='bbox 260 3330 323 3391; x_wconf 88' lang='lat' dir='ltr'><strong>illes</strong></span> <span class='ocrx_word' id='word_1_249' title='bbox 343 3332 467 3408; x_wconf 84' lang='lat' dir='ltr'><strong>locaret,</strong></span> <span class='ocrx_word' id='word_1_250' title='bbox 495 3351 562 3394; x_wconf 86' lang='lat' dir='ltr'><strong>mox</strong></span> <span class='ocrx_word' id='word_1_251' title='bbox 590 3334 653 3394; x_wconf 88' lang='lat' dir='ltr'><strong>lues</strong></span> <span class='ocrx_word' id='word_1_252' title='bbox 681 3335 745 3410; x_wconf 87' lang='lat' dir='ltr'><strong>ipse</strong></span> <span class='ocrx_word' id='word_1_253' title='bbox 773 3337 907 3392; x_wconf 82' lang='lat' dir='ltr'><strong>cessaret</strong></span> <span class='ocrx_word' id='word_1_254' title='bbox 950 3331 1033 3408; x_wconf 88' lang='lat' dir='ltr'><strong>Quae</strong></span> <span class='ocrx_word' id='word_1_255' title='bbox 1055 3329 1186 3391; x_wconf 86' lang='lat' dir='ltr'><strong>ecelesiam</strong></span> 
     </span>
     <span class='ocr_line' id='line_1_33' title="bbox 168 3409 1186 3496; baseline -0.008 -16"><span class='ocrx_word' id='word_1_256' title='bbox 168 3417 282 3493; x_wconf 85' lang='lat' dir='ltr'><strong>adiens,</strong></span> <span class='ocrx_word' id='word_1_257' title='bbox 315 3424 344 3477; x_wconf 91' lang='lat' dir='ltr'><strong>et</strong></span> <span class='ocrx_word' id='word_1_258' title='bbox 371 3436 403 3479; x_wconf 92' lang='lat' dir='ltr'><strong>se</strong></span> <span class='ocrx_word' id='word_1_259' title='bbox 432 3423 640 3480; x_wconf 86' lang='lat' dir='ltr'><strong>communicare</strong></span> <span class='ocrx_word' id='word_1_260' title='bbox 669 3420 743 3480; x_wconf 88' lang='lat' dir='ltr'><strong>velle</strong></span> <span class='ocrx_word' id='word_1_261' title='bbox 773 3419 923 3495; x_wconf 86' lang='lat' dir='ltr'><strong>simulans,</strong></span> <span class='ocrx_word' id='word_1_262' title='bbox 957 3435 1070 3496; x_wconf 86' lang='lat' dir='ltr'><strong>eorpus</strong></span> <span class='ocrx_word' id='word_1_263' title='bbox 1087 3409 1186 3475; x_wconf 87' lang='lat' dir='ltr'><strong>Domini</strong></span> 
     </span>
     <span class='ocr_line' id='line_1_34' title="bbox 167 3505 1184 3583; baseline -0.004 -17"><span class='ocrx_word' id='word_1_264' title='bbox 167 3509 302 3583; x_wconf 88' lang='lat' dir='ltr'><strong>sumpsit,</strong></span> <span class='ocrx_word' id='word_1_265' title='bbox 325 3505 402 3582; x_wconf 92' lang='lat' dir='ltr'><strong>quod</strong></span> <span class='ocrx_word' id='word_1_266' title='bbox 422 3508 519 3566; x_wconf 85' lang='lat' dir='ltr'><strong>stetim</strong></span> <span class='ocrx_word' id='word_1_267' title='bbox 540 3505 720 3568; x_wconf 84' lang='lat' dir='ltr'><strong>esaeerdetc</strong></span> <span class='ocrx_word' id='word_1_268' title='bbox 741 3507 878 3568; x_wconf 87' lang='lat' dir='ltr'><strong>recedens</strong></span> <span class='ocrx_word' id='word_1_269' title='bbox 894 3507 1024 3582; x_wconf 87' lang='lat' dir='ltr'><strong>extraxit,</strong></span> <span class='ocrx_word' id='word_1_270' title='bbox 1046 3506 1120 3568; x_wconf 91' lang='lat' dir='ltr'><strong>etin</strong></span> <span class='ocrx_word' id='word_1_271' title='bbox 1138 3511 1184 3558; x_wconf 89' lang='lat' dir='ltr'><strong>un⁰</strong></span> 
     </span>
    </p>
   </div>
   <div class='ocr_carea' id='block_1_7' title="bbox 187 3696 1239 3932">
    <p class='ocr_par' dir='ltr' id='par_1_8' title="bbox 187 3696 1239 3922">
     <span class='ocr_line' id='line_1_35' title="bbox 187 3696 1184 3780; baseline -0.007 -17"><span class='ocrx_word' id='word_1_272' title='bbox 187 3711 217 3780; x_wconf 88' lang='lat'><strong>1)</strong></span> <span class='ocrx_word' id='word_1_273' title='bbox 234 3709 277 3763; x_wconf 82' lang='lat' dir='ltr'><strong>BC</strong></span> <span class='ocrx_word' id='word_1_274' title='bbox 295 3706 492 3763; x_wconf 64' lang='lat' dir='ltr'><strong>Comedus-</strong></span> <span class='ocrx_word' id='word_1_275' title='bbox 512 3707 688 3777; x_wconf 82' lang='lat' dir='ltr'><strong>2)quidam</strong></span> <span class='ocrx_word' id='word_1_276' title='bbox 706 3706 755 3760; x_wconf 88' lang='lat' dir='ltr'><strong>add</strong></span> <span class='ocrx_word' id='word_1_277' title='bbox 773 3709 874 3762; x_wconf 85' lang='lat' dir='ltr'><strong>BD.-</strong></span> <span class='ocrx_word' id='word_1_278' title='bbox 893 3709 925 3774; x_wconf 81' lang='lat'><strong>3)</strong></span> <span class='ocrx_word' id='word_1_279' title='bbox 944 3708 963 3760; x_wconf 85' lang='grc' dir='ltr'><strong><em>Ρ</em></strong></span> <span class='ocrx_word' id='word_1_280' title='bbox 980 3717 1056 3776; x_wconf 87' lang='lat' dir='ltr'><strong>stup</strong></span> <span class='ocrx_word' id='word_1_281' title='bbox 1045 3705 1154 3766; x_wconf 83' lang='lat' dir='ltr'><strong>cutia</strong></span> <span class='ocrx_word' id='word_1_282' title='bbox 1168 3696 1184 3750; x_wconf 79' lang='grc' dir='ltr'><strong>Β</strong></span> 
     </span>
     <span class='ocr_line' id='line_1_36' title="bbox 235 3767 1239 3866; baseline -0.014 -33"><span class='ocrx_word' id='word_1_283' title='bbox 235 3778 456 3866; x_wconf 49' lang='lat' dir='ltr'><strong>stupendoae-</strong></span> <span class='ocrx_word' id='word_1_284' title='bbox 423 3776 567 3844; x_wconf 80' lang='lat' dir='ltr'><strong>-o)1tc</strong></span> <span class='ocrx_word' id='word_1_285' title='bbox 588 3779 787 3830; x_wconf 87' lang='lat' dir='ltr'><strong>recurrit.-</strong></span> <span class='ocrx_word' id='word_1_286' title='bbox 806 3777 942 3849; x_wconf 79' lang='grc' dir='ltr'>5)ΑοοΡ</span> <span class='ocrx_word' id='word_1_287' title='bbox 959 3779 1143 3834; x_wconf 51' lang='grc' dir='ltr'><strong>Ηοηῃομ-</strong></span> <span class='ocrx_word' id='word_1_288' title='bbox 1158 3767 1183 3836; x_wconf 81' lang='lat' dir='ltr'><strong>d)</strong></span> <span class='ocrx_word' id='word_1_289' title='bbox 1238 3803 1239 3844; x_wconf 70' lang='lat'><strong>,</strong></span> 
     </span>
     <span class='ocr_line' id='line_1_37' title="bbox 236 3845 1239 3932; baseline -0.011 -27"><span class='ocrx_word' id='word_1_290' title='bbox 236 3853 384 3904; x_wconf 84' lang='lat' dir='ltr'><strong>visiones</strong></span> <span class='ocrx_word' id='word_1_291' title='bbox 402 3848 481 3901; x_wconf 85' lang='lat' dir='ltr'><strong>sutis</strong></span> <span class='ocrx_word' id='word_1_292' title='bbox 498 3845 613 3913; x_wconf 71' lang='lat' dir='ltr'><strong>dignas</strong></span> <span class='ocrx_word' id='word_1_293' title='bbox 630 3845 680 3898; x_wconf 77' lang='lat' dir='ltr'><strong>odd</strong></span> <span class='ocrx_word' id='word_1_294' title='bbox 697 3847 727 3900; x_wconf 89' lang='lat' dir='ltr'>B</span> <span class='ocrx_word' id='word_1_295' title='bbox 1238 3851 1239 3932; x_wconf 69' lang='lat' dir='ltr'><strong>q</strong></span> 
     </span>
    </p>
   </div>
   <div class='ocr_carea' id='block_1_8' title="bbox 0 0 1260 4254">
    <p class='ocr_par' dir='ltr' id='par_1_9' title="bbox 0 0 1260 4254">
     <span class='ocr_line' id='line_1_38' title="bbox 0 0 1260 4254; baseline 0 3"><span class='ocrx_word' id='word_1_296' title='bbox 0 0 1260 4254; x_wconf 95' lang='lat' dir='ltr'><strong> </strong></span> 
     </span>
    </p>
   </div>
  </div>
 </body>
</html>
