2506 4254
179 313 246 374 aaa·
492 286 718 374 umumourb
742 309 899 372 nucum
972 358 977 361 .

384 535 388 542 ·
501 502 734 566 CAPITULUM
755 502 904 590 XXVIH.

395 625 451 684 'De
472 625 588 684 tbeotro
608 629 640 685 tn
661 625 795 685 Sorouda
817 625 988 702 fulminato.

243 745 383 807 Sacerdos
398 745 515 822 quidam
533 746 568 806 de
589 745 715 808 Saxouia
730 760 824 823 nuper·
841 745 912 805 milri
932 743 1028 804 retulit
1046 741 1197 804 miraculum

179 832 359 910 stupendum.
402 833 483 910 Hoc,
510 835 615 910 iuquit,
643 849 719 893 anno
732 830 749 913 ¹)
773 836 802 892 in
822 839 899 893 terra
919 838 1019 892 nostra
1038 833 1067 890 iu
1088 829 1197 906 quodam

179 920 290 981 theatro
305 920 444 980 tulminati
459 926 526 979 sunt
538 922 638 998 viginti
651 920 789 995 homines,
810 919 871 979 solo
894 919 1044 978 sacerdote
1065 917 1196 977 evadente

115 1011 120 1014 ’
178 1007 267 1084 Fugit
280 1010 354 1067 enim
369 1025 434 1066 cum
455 1007 526 1068 alios
547 1007 647 1066 ardere
667 1003 816 1087 vidcrct2).
848 1007 980 1066 Docebat
993 1007 1068 1064 euim
1088 1008 1120 1063 ut
1137 1004 1198 1079 ignis

179 1111 237 1170 quo
251 1093 321 1153 nihil
341 1093 432 1153 levius
454 1100 505 1168 est,
532 1093 655 1154 levitatis
664 1091 684 1173 ³)
707 1100 848 1153 amatores
859 1095 981 1171 puniret.
1012 1088 1197 1151 NOVIGIUS:

178 1180 269 1240 Miror
288 1180 373 1256 ,quod
400 1181 534 1241 sacerdos
555 1198 613 1240 non
635 1188 679 1240 cst
698 1183 830 1256 punitus,
860 1181 1008 1255 cumipse
1029 1177 1092 1254 plus
1112 1176 1197 1236 cetcds

87 1275 89 1280 ‘
180 1263 340 1347 credatur⁴)
362 1283 505 1344 peccasse.
548 1267 780 1328 MONAOHUS:
803 1267 896 1343 Saepe
916 1267 999 1326 Deus
1019 1263 1198 1349 sacerdotibus

179 1357 280 1430 parcit,
300 1361 416 1430 propter
436 1355 579 1429 ordinem,
601 1357 674 1414 sicut
695 1354 797 1431 legitur
806 1351 825 1433 ⁵)
851 1353 887 1413 de
909 1352 1024 1426 Aaron,
1051 1367 1133 1427 quam
1150 1365 1197 1408 nou

179 1444 320 1516 percussit
339 1441 426 1516 lepra,
448 1441 499 1500 sed
514 1459 649 1516 sororem,
672 1459 737 1502 cum
758 1447 854 1500 tamen
875 1456 933 1500 uon
955 1433 1093 1517 legatum)
1114 1451 1198 1496 sorore

180 1529 274 1588 minue
287 1544 431 1604 peccasse.
473 1527 530 1587 Vel
545 1528 616 1588 forte
637 1531 667 1586 iu
689 1545 723 1588 eo
745 1527 853 1603 aliquid
873 1529 943 1586 boui
963 1527 1046 1584 Deus
1066 1521 1198 1600 praeridit,

180 1621 296 1693 propter
315 1614 394 1690 quod
421 1615 460 1672 illi
482 1618 617 1692 pepercit.
660 1614 746 1690 Quod
767 1632 846 1674 vcro.
864 1612 1019 1690 aliquando
1048 1613 1085 1671 ob
1112 1611 1198 1670 bruns-

180 1701 259 1763 modi
280 1702 410 1762 levitates
431 1703 513 1760 Deus
535 1702 697 1762 sacerdotes
718 1703 826 1779 puniat,
846 1706 961 1779 praesto
983 1707 1027 1759 est
1047 1697 1198 1774 exemplum.

513 1891 745 1952 CAPITULUM
765 1891 886 1952 XXIX.

274 2021 277 2028 “
386 1985 435 2074 De
453 2015 605 2088 sacerdote
624 2019 657 2074 tn
678 2013 819 2092 Elyzacia
840 2013 1011 2090 fulminato.

247 2135 299 2197 Est
329 2135 397 2196 villa
422 2137 451 2194 in
471 2137 648 2212 Episcopatu
662 2119 851 2210 'Treverensd
878 2135 1014 2213 Elyzacia
1041 2135 1197 2208 vocata,iu

184 2240 242 2299 qua
269 2239 344 2283 anno
368 2227 520 2299 praeterito
543 2229 645 2300 quarta
664 2223 734 2282 feria
755 2229 821 2281 ante
842 2223 1027 2283 Nativitatem
1048 2223 1134 2282 sancti
1151 2219 1197 2278 Jo-

183 2309 286 2368 hannis
307 2313 432 2386 contigit,
452 2311 508 2370 hoc
530 2310 637 2386 grande
659 2328 693 2370 ac
714 2309 837 2368 terribile
857 2310 1034 2370 iniraculum.
1076 2307 1198 2368 Sacerdos

183 2395 240 2456 loci
260 2397 401 2456 Henrious
429 2399 543 2457 nomine
571 2397 639 2456 dum
660 2396 772 2456 sederet
791 2399 820 2454 in
842 2399 977 2473 taberna,
1003 2395 1080 2456 iacta
1099 2401 1138 2454 cst
1161 2395 1197 2451 iu-

184 2485 334 2561 temperies
369 2485 442 2543 aeris
476 2487 608 2543 maxima.
665 2483 730 2558 Quo
762 2484 913 2543 festinante
942 2501 1008 2542 cunr
1037 2481 1198 2558 campaneio

185 2586 238 2630 suo
258 2573 289 2629 in
311 2569 477 2645 ecelesiam,
500 2589 565 2630 cum
587 2587 742 2647 campanas
763 2571 924 2646 pulsarent,
946 2573 1035 2631 crevit
1055 2575 1198 2646 tempestas,

185 2664 215 2717 et
230 2657 345 2733 nebula,
367 2663 395 2717 et
411 2657 604 2718 inenarrabilis
621 2660 755 2734 strepitus
771 2659 844 2716 acris
864 2660 894 2716 in
916 2657 1045 2716 ecclesia.
1075 2657 1198 2716 Veniens-

185 2763 242 2821 que
276 2751 393 2822 repente
429 2747 502 2804 ictus
533 2745 668 2820 turbinis,
701 2747 855 2821 prostravit
887 2751 1054 2820 utrumque,
1087 2745 1199 2804 clericum

185 2833 294 2892 scilicet
322 2841 352 2892 et
379 2835 607 2908 campanarium,
634 2835 675 2891 ita
703 2831 781 2908 quod
810 2831 1008 2908 campanarius
1030 2833 1088 2890 ‘sub
1117 2829 1199 2889 clerico

185 2921 307 2980 iacebat.
350 2917 555 2995 Campanarius
572 2934 641 2977 vero
662 2921 692 2977 iu
713 2918 791 2977 nullo
812 2918 908 2977 laesus
930 2923 983 2991 est,
1004 2917 1104 2977 clerico
1125 2917 1199 2975 exdn-

186 3013 244 3064 cto.
295 3005 382 3064 Curius
417 3004 552 3081 geritalia
570 3013 680 3079 ,murm
709 3011 789 3079 suut,
822 3005 932 3081 reliquo
961 3021 1080 3080 corpore
1105 3007 1200 3062 intacto

106 3081 117 3098 ”
188 3089 270 3167 Quae
291 3092 366 3151 filius
388 3095 448 3152 cius
469 3109 635 3166 accurrens,
660 3090 798 3151 calcando
820 3085 951 3166 extinxit,
973 3097 1001 3150 ct
1023 3092 1132 3152 avulsit
1167 3085 1201 3144 llx

189 3194 246 3252 quo
275 3185 355 3254 patet
381 3179 580 3240 fornicatorem
607 3178 687 3238 illum
714 3179 809 3238 fuisse.
858 3179 1038 3240 Vestimenta
1065 3194 1130 3240 uero
1156 3177 1202 3234 eius

185 3265 230 3326 ita
250 3271 317 3324 sunt
337 3265 476 3340 lacerata,
504 3273 537 3324 ut
559 3265 639 3324 nulla
659 3265 799 3341 particula
820 3265 986 3325 cohaereret
1007 3265 1114 3326 solidae
1132 3261 1202 3340 pori,

186 3368 243 3412 nec
269 3350 361 3410 solida
387 3358 496 3427 essent,
525 3359 645 3428 excepta
672 3352 721 3412 illa
748 3352 888 3428 particula
915 3354 945 3412 in
979 3367 1038 3427 qua
1066 3348 1203 3427 dependere

186 3439 301 3499 solebat
321 3438 483 3513 manipulus
515 3442 544 3500 in
572 3441 683 3499 sinistro
713 3439 839 3498 brachio.
889 3438 947 3500 Sed
976 3445 1005 3498 et
1032 3437 1141 3500 stivalia
1164 3448 1204 3494 sur

189 3542 266 3602 quae
287 3540 365 3583 noua
382 3531 471 3599 erant,
489 3527 529 3584 ita
550 3533 617 3584 suut
638 3526 800 3600 dilacerata,
821 3541 856 3586 ac
877 3527 902 3584 si
921 3525 1069 3587 luscmults
1089 3525 1205 3598 dissipate

189 3617 295 3672 essent.
338 3609 441 3670 Soleae
462 3628 531 3689 vero
552 3614 593 3672 sic
615 3619 683 3672 sunt
703 3613 795 3672 factae
808 3609 845 3692 ²),
868 3628 903 3672 ao
924 3613 948 3671 si
969 3614 999 3675 in
1019 3629 1097 3688 aqua
1116 3605 1205 3672 luridi

209 3745 241 3813 1)
259 3743 354 3797 scilicet
374 3741 449 3793 1222.
467 3741 529 3794 Vide
541 3743 605 3795 inira
618 3759 673 3810 cap.
691 3745 733 3796 48.
746 3746 788 3797 50.
800 3775 829 3784 -
841 3746 872 3813 2)
891 3743 935 3798 ΟΡ
952 3745 1085 3796 videret
1101 3741 1205 3794 ardere.

262 3844 292 3854 -
305 3812 371 3880 3)ss
389 3811 505 3862 levit-cr
522 3812 756 3880 leuitatis-l)
773 3813 795 3866 B
814 3814 1047 3881 creditum—5]
1065 3813 1158 3866 Numer.
1176 3807 1204 3858 ll.

263 3913 293 3923 -
314 3883 346 3949 6)
364 3880 385 3934 Ε
404 3880 532 3947 legitur.
558 3913 587 3921 -
608 3883 639 3949 7)
656 3882 677 3934 Ε
695 3883 828 3934 fractae.
