2608 4252
22 71 23 81 r

22 283 23 296 t

22 321 24 330 t

22 365 23 384 l

194 255 233 314 tt
497 251 725 316 DISHNOE'IO
745 253 920 316 summa

191 377 308 436 immisit
324 380 351 436 a·
370 375 564 436 infirmium
585 379 719 453 eorporis,
740 377 793 436 sed
812 375 1051 454 mimigaudiom
1071 383 1101 438 et
1120 391 1214 438 oooso·

191 464 328 524 lationem
354 467 469 540 spiritus
493 480 552 523 non
572 466 722 523 subtraxit
763 465 856 541 Igitur
876 480 1015 541 comper
1035 463 1143 542 aliquot
1163 463 1215 525 dies
1280 535 1281 538 Ἴ

192 559 385 626 aegrotasset,
413 554 492 611 venit
511 551 615 610 Alollas
637 550 809 610 Gisilbertus
836 559 898 610 tam
918 569 986 611 eum
1008 567 1095 627 qnam
1116 557 1215 612 eeteros
1280 563 1281 586 ¹

191 638 318 697 infirmos
331 641 455 697 risiare
498 638 552 697 Oui
573 656 640 697 eum
661 637 783 696 diceret:
802 638 869 696 Non
885 640 1029 699 erubescis
1049 638 1215 699 iraterHer·

192 743 306 800 manne,
327 724 435 804 quod¹l
455 725 541 784 frater
562 724 734 784 Godeiridus
756 727 898 800 eritprior
917 732 985 785 tuus
1004 728 1035 783 in
1054 743 1142 803 regno
1156 743 1215 785 eoe-
1273 761 1281 797 Νη

191 811 306 871 lorum?
338 813 530 872 demonstrato
562 813 689 887 quodam
717 829 856 872 converso
884 813 992 872 ibidem
1018 813 1145 887 infirmo,
1175 813 1216 888 qui
1274 814 1278 837 ¹

191 901 343 959 triennium
370 901 419 956 rix
446 899 605 973 perfecerat
631 901 661 956 in
682 897 794 974 ordine;
822 901 982 975 respondit:
1009 899 1075 960 Non
1096 899 1215 972 domine,
1273 908 1281 975 ,l

193 987 246 1046 sed
275 985 410 1061 quicquid
437 985 507 1044 boni
535 988 562 1044 ei
582 985 664 1043 Deus
691 985 786 1044 faeere
814 987 951 1060 voluerit,
982 987 1056 1046 bene
1084 989 1168 1062 cupio
1187 987 1216 1046 ei
1273 975 1281 1061 ξ

192 1073 275 1132 Dixit
290 1069 346 1152 ei²)
366 1071 485 1132 Alebus:
507 1071 533 1132 0
555 1079 588 1130 tu
609 1090 722 1147 semper
741 1072 826 1131 rides
868 1074 971 1132 Facies
980 1057 1067 1132 ‘enim
1088 1075 1149 1132 dus
1169 1089 1216 1131 na·
1273 1109 1281 1168 f

192 1158 320 1219 unaliter
347 1162 432 1233 quasi
458 1158 498 1216 ad
524 1159 674 1218 ridendum
702 1159 840 1234 disposita
863 1167 934 1218 erat
975 1159 1062 1220 Habe
1081 1160 1216 1219 licentiam
1273 1170 1277 1223 :

194 1245 281 1306 eundi
293 1245 332 1305 ad
346 1245 464 1304 chorum
486 1253 515 1305 et
527 1247 566 1305 ad
579 1264 652 1322 opos
672 1253 763 1304 tuum.
789 1246 951 1322 Respondit
961 1244 997 1325 ¹):
1017 1245 1082 1322 Ego
1101 1247 1151 1306 ibo
1165 1261 1216 1322 quo
1273 1272 1281 1323 p

192 1333 277 1392 Deus
294 1332 424 1392 voluerit.
455 1333 494 1390 Et
514 1350 589 1408 quo,
609 1336 714 1408 inquit,
734 1332 810 1392 ibis‘l
841 1334 1016 1408 Respondit:
1036 1332 1087 1392 Ad
1105 1349 1217 1410 regnum
1276 1353 1278 1400 1

193 1419 346 1480 ooelomm.
378 1419 501 1496 Quando
516 1437 593 1496 ergo,
614 1422 663 1494 ait,
683 1418 831 1479 morieris?
862 1419 905 1478 At
923 1420 987 1480 ille:
1008 1421 1079 1479 Post
1095 1420 1216 1479 biduum

193 1507 270 1568 Nam
290 1513 319 1566 et
340 1510 422 1566 tertia
441 1507 601 1582 posthanc
620 1507 695 1566 diem
712 1509 864 1582 incipiente
876 1509 966 1566 missa
985 1507 1033 1566 hic
1052 1523 1115 1582 ero,
1137 1513 1165 1566 et
1177 1508 1217 1564 in·
1275 1499 1281 1580 l

192 1595 314 1670 eipiente
322 1594 482 1671 Evangelio
499 1593 546 1654 hic
563 1594 659 1653 adhuc
677 1610 735 1667 ero,
751 1593 803 1652 sed
822 1602 978 1669 antequam
993 1593 1115 1668 liniatur,
1132 1594 1161 1652 in
1175 1609 1218 1672 re·¹
1275 1589 1281 1668 ¹}

192 1698 250 1758 gno
266 1681 410 1741 coelorum
421 1699 478 1741 ero.
498 1681 537 1740 Et
551 1681 664 1741 videtur
672 1681 741 1738 milri
752 1680 808 1740 lroc
819 1680 944 1740 triduum
957 1679 1093 1756 prolixius
1105 1697 1180 1753 esse,
1194 1685 1218 1739 et

192 1767 315 1844 amplius
335 1786 383 1828 me
401 1775 512 1845 gravat,
533 1785 621 1844 quam
641 1776 733 1828 totum
750 1773 865 1842 tempus
878 1771 955 1826 vitae
969 1784 1061 1841 meae,
1082 1766 1218 1842 quodleoi

191 1862 403 1930 superterram
417 1854 509 1930 Unde,
520 1857 620 1930 inquit,
632 1857 688 1914 iste
701 1853 797 1913 nosti?
810 1855 972 1930 Respondit
981 1854 1041 1914 ille:
1052 1854 1145 1914 Beata
1152 1853 1218 1913 Vir-

191 1959 229 2019 go
239 1941 365 2002 Domina
375 1949 473 2001 nostra
482 1942 530 2000 hie
540 1942 601 2016 tuit,
612 1949 641 2001 et
651 1941 798 2001 consolata
811 1947 856 2000 est
868 1958 923 2000 mc.
944 1941 1044 2000 Sedet
1057 1957 1112 2018 ego
1126 1947 1218 2016 raptus

191 2047 257 2089 sum
276 2032 307 2087 in
328 2028 455 2102 eoelum,
483 2029 533 2088 ubi
554 2032 641 2089 etiam
661 2029 759 2088 videre
778 2031 870 2087 merui
889 2027 1111 2103 beatitudinem,
1137 2043 1219 2104 quam

191 2115 257 2176 Deo
270 2115 408 2192 largiente
421 2115 571 2176 habiturus
587 2133 659 2175 sum
702 2115 752 2175 Ab
771 2115 821 2174 illo
843 2132 911 2192 ergo
934 2115 980 2174 die
999 2115 1220 2191 frequentissime

191 2221 258 2263 eum
278 2202 382 2263 Abbas
409 2205 544 2262 vmimrit
586 2202 656 2262 Jam
675 2203 833 2262 advenerat
853 2202 914 2261 dies
933 2203 1029 2278 tertia,
1052 2207 1082 2262 et
1100 2205 1219 2260 instante

190 2289 263 2352 lrora
282 2293 388 2349 missae
409 2293 531 2349 accessit
550 2289 588 2349 ad
610 2307 676 2349 eum
696 2289 784 2348 felicis
805 2291 959 2348 memoriae
980 2288 1069 2350 stater
1089 2288 1219 2348 Theode-

190 2378 266 2436 ricus
298 2377 334 2437 de
357 2376 491 2450 Cellario,
520 2378 744 2450 ministerum,
772 2383 802 2435 et
822 2377 906 2434 dixit:
925 2377 1026 2436 Frater
1045 2375 1220 2447 Hermanno,

190 2470 327 2540 poterone
355 2481 410 2540 ego
425 2467 466 2523 ire
485 2463 523 2522 ad
544 2463 683 2524 missam?
725 2464 796 2522 Erat
806 2459 828 2543 ⁶)
851 2466 926 2522 enim
947 2463 1008 2522 dies
1029 2463 1220 2540 Quadrageei·

191 2569 265 2611 mae.
299 2549 356 2627 Qui
376 2553 431 2610 ait:
452 2551 526 2609 Non.
559 2551 648 2610 Sinite
670 2550 742 2609 alios
762 2553 812 2625 ire,
833 2567 886 2610 vos
908 2556 1005 2610 autem
1025 2558 1140 2610 maneto
1160 2565 1220 2608 me·

192 2655 266 2713 cum,
288 2645 317 2696 et
337 2645 505 2713 praeparate
527 2653 633 2712 aquam
655 2638 786 2712 calidam,
807 2637 883 2696 unde
903 2637 994 2696 lavari
1015 2635 1145 2698 debeam
1186 2635 1220 2694 Et

190 2731 258 2802 post
284 2724 448 2801 paululum:
477 2725 599 2784 Stemite
626 2731 761 2799 mattam,
791 2723 819 2783 et
848 2725 988 2805 advocate
1016 2723 1089 2783 duos
1109 2723 1220 2796 dames,

191 2813 314 2887 quivos
337 2811 486 2885 adurent,
513 2814 655 2892 tempus⁵l
678 2819 722 2871 est
742 2812 892 2888 migrandi
933 2811 1053 2871 Pulsata
1072 2812 1158 2888 igitur
1177 2817 1221 2868 ta·

190 2897 260 2957 bula
282 2901 357 2958 cirea
377 2901 546 2974 principium
566 2899 725 2976 Evangelii,
746 2905 904 2958 conventus
925 2894 1091 2978 accurrite),
1114 2899 1222 2974 etipse

190 2983 292 3044 Abbas
306 2989 380 3044 inter
393 2989 515 3061 primos3
537 2987 634 3062 sieque
656 2992 756 3046 saneta
775 2985 825 3044 ille
845 2989 942 3045 anima
956 2988 1029 3045 sicut
1045 2985 1222 3060 praedixerat

190 3077 258 3130 ante
285 3070 372 3130 linem
402 3072 553 3150 Evangelii
581 3073 675 3132 soluta
704 3080 755 3132 est
808 3071 1010 3132 NOVIOIUS:
1046 3071 1113 3130 Non
1139 3072 1222 3130 miror

190 3159 215 3216 si
234 3159 326 3216 iustus
347 3161 401 3218 iste
409 3157 429 3238 ⁷)
452 3160 622 3221 desideravit
642 3167 772 3232 mortem,
794 3177 880 3234 quem
896 3161 1007 3218 auctrix
1020 3160 1098 3218 vitae
1120 3173 1222 3218 conso·

191 3243 250 3304 lota
271 3249 314 3308 est
336 3250 404 3303 ante
424 3253 554 3306 mortem.
596 3245 829 3306 MONACHUS:
862 3245 927 3304 Non
950 3245 1043 3305 solum
1063 3246 1222 3320 praeseutia

190 3333 252 3390 eius
272 3329 389 3389 infirmis
419 3329 469 3390 det
489 3332 623 3392 fiduciam
652 3333 805 3406 moriendi,
838 3331 890 3391 sed
925 3335 1012 3391 etiam
1039 3331 1222 3392 morientibus

191 3420 279 3478 risum
301 3419 415 3492 excitat,
436 3421 486 3494 qui
507 3421 621 3495 signum
642 3426 686 3480 est
706 3435 829 3497 magnae
850 3418 984 3478 laetitiae.

156 3666 158 3670 ’
209 3691 279 3761 1)ss
298 3693 380 3760 quta,
400 3721 430 3730 -.
450 3692 482 3759 2)
500 3691 520 3744 c
538 3688 700 3758 Dixitque.
720 3719 751 3730 -
771 3689 803 3757 a)
821 3691 843 3743 e
861 3691 1035 3758 respondit
1053 3688 1121 3742 trra.
1141 3717 1170 3728 -
1191 3689 1223 3755 t)

259 3759 322 3814 tce
341 3769 441 3813 oront.
462 3791 492 3801 -
512 3761 544 3830 ⁵)
561 3759 583 3812 Β
603 3769 727 3828 tempus
751 3763 843 3812 enim.
864 3789 893 3800 α
915 3761 946 3829 6)
964 3760 1050 3814 ABDP
1067 3759 1222 3812 occurrit.

260 3830 332 3885 conr.
352 3831 391 3895 vr,
409 3831 450 3886 oo.
468 3831 510 3896 ro,
528 3832 552 3883 a.
573 3830 615 3882 to.
634 3859 665 3869 -
684 3831 716 3897 r)
732 3831 798 3881 rste
816 3829 866 3882 sou
884 3830 914 3882 u.
