2506 4254
330 263 384 328 nn
406 263 589 328 consone
611 264 779 328 omium.
813 237 817 244 ’
1021 264 1084 328 eoa

325 513 329 520 .
401 453 633 520 CAPITULUM
657 455 723 518 LV.

135 578 182 638 Dc
201 577 354 640 emmeno
374 577 500 640 Frieone
521 583 573 656 qui
593 579 719 638 subaud
739 593 849 654 coepta
867 575 999 638 Domiti.

113 697 221 760 Retulit
246 699 317 760 milui
345 716 420 762 anno
446 701 599 778 praeterito
626 697 771 776 praelatus
800 698 916 775 qudam
937 697 1085 778 religiosus

60 781 90 844 de
107 789 233 862 partibus
253 785 379 864 Frisios,
403 805 464 848 rem
484 789 568 847 nimis
588 785 759 847 horrendam
782 784 818 845 de
839 785 965 862 quodam
986 802 1086 846 sacer-

60 869 124 932 dota
163 873 264 934 Habet
292 877 367 934 enim
395 891 496 934 manns
524 880 584 934 mm
611 873 761 947 tremulos,
790 878 823 933 ut
844 889 948 948 corpus
968 871 1086 932 Domini

58 975 108 1018 non
133 961 186 1020 nisi
211 977 264 1037 per
288 959 416 1036 fistulam
441 963 532 1038 possit
559 977 682 1021 sumere.
730 958 786 1020 Die
813 959 938 1036 quadam
961 976 1027 1019 cum
1048 975 1085 1018 ex

60 1047 111 1105 eius
130 1048 262 1107 manibus
281 1053 490 1108 sacramentum
511 1065 598 1124 super
618 1054 723 1108 terram
745 1046 901 1122 cecidisset,
920 1047 1024 1106 timens
1046 1061 1085 1106 ne

58 1131 89 1192 eb
115 1132 209 1210 aliquo
230 1141 331 1212 posset
360 1134 450 1196 videri
478 1137 527 1211 qui
554 1134 669 1210 eulpam
695 1133 844 1210 proderet,
871 1135 974 1194 timens
997 1134 1084 1194 etiam

59 1218 185 1280 ecclesiae
206 1237 277 1281 suae
297 1220 363 1298 plus
384 1239 471 1299 quam
492 1223 619 1296 animae,
640 1220 714 1296 pede
734 1219 805 1279 illud
826 1218 927 1280 dictur
948 1219 1085 1282 calcasse

58 1303 250 1368 NOVICIUS:
277 1306 312 1368 In
341 1308 473 1370 omnibus
503 1307 607 1368 Christi
632 1309 812 1384 passionibus
840 1324 898 1367 non
918 1307 976 1386 legi
996 1305 1085 1367 talem

60 1398 252 1473 mntemptum.
294 1393 528 1456 MONACHUSe
557 1394 667 1454 idcireo
696 1394 765 1454 dicit
791 1392 971 1472 Augustinus
998 1409 1085 1471 super

58 1477 249 1541 ilumloeum:
261 1481 417 1542 Desierunt
429 1484 462 1541 in
475 1499 570 1541 escmn
591 1500 689 1541 mecm
707 1477 796 1559 few),
818 1480 856 1540 de
868 1479 1084 1541 mucifixoribus

59 1567 123 1626 eius:
144 1567 257 1644 Quibus
278 1567 383 1628 similes
404 1574 471 1628 sunt
491 1567 622 1646 indigne,
647 1569 754 1644 inquit,
775 1573 919 1627 sumentes
937 1572 972 1627 et
992 1566 1084 1628 conii-

59 1653 161 1713 cientes.
194 1653 319 1716 Grarius
341 1657 416 1716 enim
429 1662 552 1735 peccant
566 1660 780 1715 contemnentes
793 1652 936 1713 Christum
957 1671 1084 1732 regnan-

58 1743 108 1798 tem
131 1741 160 1800 in
186 1741 288 1820 coelis,
319 1759 406 1818 quam
438 1744 486 1822 qui
508 1741 707 1802 emcifixerunt
727 1739 922 1800 ambulantem
942 1742 974 1800 in
992 1742 1084 1801 terrie.

59 1823 134 1902 Quod
159 1845 230 1889 vero
258 1827 296 1889 ab
325 1831 367 1889 eis
388 1828 587 1904 conculcetur,
612 1829 682 1888 alibi
703 1827 784 1887 dicit:
814 1826 972 1888 conculcat
999 1826 1084 1888 chn-

59 1919 124 1972 etum
151 1917 200 1991 qui
224 1915 315 1975 libere
340 1922 457 1992 peccat,
491 1919 591 1992 etqui
617 1933 652 1976 eo
679 1915 794 1992 indigne
823 1917 982 1993 participat.
1036 1913 1082 1976 Ob

58 1996 209 2062 huiusmodi
244 2019 378 2062 excessus
412 2001 457 2062 his
492 2003 669 2079 temporibus
699 2003 868 2080 gravissime
895 2001 1012 2079 plagata
1039 2008 1084 2062 est

59 2083 145 2164 Frisla,
165 2091 240 2149 sieut
253 2087 357 2150 dixisse
370 2106 416 2150 me
428 2089 543 2149 memini
563 2092 593 2149 in
614 2087 795 2150 distinctione
816 2091 938 2165 septima
959 2088 1083 2165 capitulo

58 2176 138 2251 terto,
157 2174 194 2236 de
215 2175 312 2254 pugile
333 2178 382 2252 qui
403 2193 505 2252 corpus
521 2176 638 2238 Domini
658 2175 800 2236 sacerdot
821 2175 857 2236 de
877 2176 1009 2236 manibus
1031 2192 1085 2236 ex·

58 2263 143 2322 nusit
195 2260 399 2324 novicius:
434 2261 467 2324 Si
504 2263 572 2324 meli
601 2261 765 2342 sacerdotes
794 2261 898 2322 Christi
924 2279 1027 2344 corpus
1053 2263 1084 2322 in

58 2344 129 2408 elteri
148 2355 181 2409 ut
200 2349 270 2408 milui
290 2349 403 2410 videtur
424 2348 584 2425 crederent,
604 2365 752 2426 nunquam
773 2349 843 2410 talia
861 2354 1084 2426 praesumerent

57 2428 280 2498 MONAOHUS:
312 2436 436 2515 Quidam
468 2433 611 2513 eredunt,
636 2436 753 2513 quidam
779 2451 838 2496 non
866 2431 1014 2497 credunt*
1042 2431 1092 2496 Ut'

58 2522 123 2580 enim
150 2527 262 2584 taceam
290 2521 327 2584 de
354 2521 453 2604 malls,
488 2522 524 2584 de
550 2524 634 2584 bonis
659 2522 856 2588 sacerdotibus
882 2524 934 2584 tibi
961 2523 1083 2585 referam

58 2609 215 2692 exemplum.

395 2801 627 2866 cremonen
653 2800 733 2866 nvn
936 2756 944 2811 ‘

92 2921 380 2988 Dermede'eo
408 2923 1041 3003 mdcdepeeieponietcntummedidtt

301 3029 360 3073 esee
380 3018 600 3073 wormium
621 3019 650 3072 et
669 3029 732 3072 non
755 3031 826 3072 rein.

112 3129 245 3194 Coloniae
275 3135 306 3193 in
337 3133 459 3196 ecclesio
489 3136 582 3194 sancti
612 3131 747 3195 Andreae
778 3132 933 3193 canonicus
964 3129 1082 3210 quidam

58 3220 152 3278 mettii
171 3211 280 3282 orcus*
291 3221 440 3298 sacerdos,
469 3227 530 3281 arte
552 3221 695 3295 medicus,
716 3219 819 3280 Petrus
840 3221 964 3280 nomine.
1006 3219 1081 3280 Cum

58 3297 97 3360 ilie
112 3305 233 3381 quadem
255 3306 372 3383 quidam
390 3325 426 3368 ex
440 3309 501 3367 elue
515 3309 714 3368 concanonicis
727 3305 864 3382 infirmus,
885 3323 920 3366 eo
942 3319 1081 3384 praesen·

58 3389 83 3446 te
100 3398 172 3452 esset
184 3395 452 3467 communicaturus,
474 3400 506 3460 et
524 3393 698 3456 elsacerdos
714 3393 830 3470 diceret,
841 3393 933 3456 credis
946 3393 1003 3454 hoc
1017 3409 1080 3454 esse

58 3487 145 3536 serum
167 3497 269 3557 corpus
288 3481 405 3542 Domini
424 3479 503 3558 quod
521 3488 621 3542 natum
650 3487 694 3542 eet
718 3480 754 3541 de
767 3481 894 3560 Virgine,
922 3487 952 3540 et
973 3495 1026 3555 pro
1050 3484 1080 3538 te

58 3571 160 3634 pessum
179 3568 208 3627 in
232 3567 337 3628 cruce?
358 3567 463 3645 illeque
476 3569 676 3646 responderet,
698 3567 797 3645 credo;
818 3566 963 3644 praelatus
975 3565 1080 3626 Petrus

59 3653 227 3734 utrorumque
248 3655 341 3716 verbe
361 3662 465 3718 notans
476 3699 485 3733 ,
512 3657 637 3733 expavit
679 3655 786 3716 Postea
806 3654 885 3716 eolus
906 3652 1078 3714 conueniens

73 3833 297 3910 mmmm
