2512 4254
153 285 214 346 1³0
460 282 689 346 DISTINC'I'IO
712 281 878 345 OCTAVA
933 285 941 296 '

151 408 181 464 in
203 403 322 466 Colonia
342 408 509 481 canonicus,
530 408 685 484 sicutipse
707 407 777 466 mihi
796 405 907 480 rotulit,
935 406 1061 482 quinquo
1080 404 1178 466 solidos

151 491 205 552 illis
227 491 319 566 dedit,
345 499 446 568 petens
474 500 506 552 ut
534 511 570 553 cx
598 496 639 553 eis
668 501 867 570 compararent
886 491 990 571 pellem
1012 494 1069 552 ursi
1088 493 1180 552 albam

154 578 254 656 quales
274 581 351 656 regio
371 580 421 640 illa
438 582 548 658 gingnit
560 576 585 660 ¹),
606 580 644 639 ad
658 581 877 642 substratorium
891 596 991 639 coram
1002 579 1082 640 altari
1094 581 1179 639 smcti

152 665 295 726 Andreae.
337 666 423 743 Quod
445 685 511 727 cnm
531 665 678 742 fecissent,
711 675 740 727 et
767 671 991 740 recensentur,
1017 673 1095 726 tana
1121 672 1179 724 orta

154 759 199 815 cst
224 755 253 814 in
281 756 352 814 mari
380 759 551 831 tempestas,
578 761 612 812 ut
636 771 735 822 omnes
756 757 882 814 mitteret
901 755 931 812 in
953 753 1179 830 desperationem.

58 871 62 878 ·
153 839 219 900 Hoc
249 839 315 900 ideo
346 839 454 900 sactum
480 856 558 917 reor,
589 847 623 899 ut
649 841 792 900 Dominus
820 839 954 916 Apostoli
981 843 1026 900 sui
1053 843 1179 901 mrmtem

153 927 323 988 ostenderet
375 927 528 987 Recordati
562 944 631 986 vero
665 927 804 1003 praedicti
834 931 954 992 iuvenes
984 927 1066 1004 pellis
1096 927 1179 986 saneti

154 1012 296 1089 Andreae,
318 1020 417 1073 contra
436 1013 577 1090 procellas
598 1017 827 1088 intumescentes,
848 1020 1009 1088 ventosque
1029 1015 1179 1086 frementes,

151 1101 229 1160 illam
244 1119 309 1160 cum
323 1100 379 1159 fide
387 1097 408 1180 ²)
429 1101 605 1160 levaverunt.
636 1101 675 1159 Et
694 1118 761 1160 ecca
774 1101 916 1159 Dominus
927 1103 1036 1161 meritis
1053 1099 1176 1177 Apostol

154 1190 211 1262 sui,
233 1203 318 1263 quem
341 1187 376 1246 de
398 1190 469 1246 mari
489 1189 619 1263 vocavit,
641 1188 876 1264 suffragantibus,
897 1190 1048 1263 imperavit
1066 1189 1134 1247 mari
1153 1191 1180 1246 et

154 1276 261 1349 ventis,
284 1274 409 1333 attacta
430 1280 473 1333 est
494 1270 523 1332 in
543 1276 607 1350 ipsa
627 1273 698 1333 hora
719 1273 906 1350 tranquillitas
927 1282 987 1334 tam
1009 1291 1124 1351 magna,
1149 1276 1180 1332 ut

154 1377 253 1420 omnes
267 1363 315 1436 qui
327 1363 356 1420 in
371 1363 438 1420 navi
450 1367 532 1420 erant
544 1363 718 1420 mirarentur.
760 1362 948 1422 Revertentes
958 1377 1028 1421 vero
1043 1361 1179 1422 Coloniam

154 1448 284 1508 denarios
299 1447 491 1522 reddiderunt,
511 1447 615 1524 pellem
635 1447 722 1507 beato
736 1447 869 1508 Andreae
890 1445 1010 1530 gratisi)
1032 1449 1179 1520 odorantes,

155 1534 250 1594 collati
269 1552 327 1595 non
347 1537 527 1594 immemores
549 1534 688 1594 beneficii.

492 1688 723 1787 carmanum
743 1725 851 1787 amn.

193 1849 241 1908 De
262 1849 378 1908 homine
394 1865 451 1924 per
471 1854 607 1907 sonetum
628 1847 777 1908 Jacooum
799 1867 819 1908 a
841 1849 998 1924 mspetdio
1018 1849 1145 1908 libcroio.

221 1970 299 2031 civis
321 1969 437 2046 quidam
460 1969 495 2028 de
517 1969 648 2029 Treiecto
670 1969 807 2046 inferiori,
835 1987 900 2030 cum
921 1970 980 2030 filio
1002 1970 1041 2031 ad
1061 1975 1180 2030 saucmm

154 2058 300 2120 Jacobum
313 2057 456 2133 protectus
471 2062 523 2116 est.
551 2055 667 2116 Accidit
688 2059 711 2116 si
733 2058 807 2116 bene
825 2059 943 2117 memini
963 2064 996 2116 ut
1016 2061 1044 2116 in
1067 2055 1182 2134 quodem

155 2147 219 2208 loco
246 2145 351 2220 hospes
380 2146 441 2203 eius
461 2145 557 2203 nescio
581 2143 650 2218 quid
669 2143 816 2218 perderet,
837 2151 867 2203 at
888 2146 1077 2220 suspicionem
1098 2143 1131 2203 de
1150 2157 1181 2201 eo

155 2235 276 2307 habeas,
296 2233 401 2291 furtum
415 2231 456 2290 illi
474 2246 570 2290 eoram
591 2230 685 2289 iudice
706 2232 827 2290 civitatis
845 2233 1012 2308 imponeret.
1052 2231 1114 2307 Quo
1134 2245 1181 2288 ne·

157 2327 243 2398 ganto
272 2325 301 2380 et
329 2317 454 2393 dicente,
482 2317 563 2376 Deus
590 2319 671 2376 novit
693 2324 722 2377 ct
742 2324 860 2377 sanctus
880 2317 1011 2378 Jacobns
1031 2319 1110 2377 tastis
1130 2321 1181 2387 cst,

155 2425 203 2474 me
232 2423 378 2481 nunquam
406 2405 493 2464 titisse
521 2403 627 2478 furem,
655 2419 748 2479 neque
776 2405 844 2462 furis
865 2408 988 2481 socium3
1017 2404 1100 2464 iudex
1120 2418 1181 2462 rer-

157 2490 230 2573 bisi)
247 2486 309 2552 'non
332 2491 458 2565 credidit,
478 2490 530 2550 sed
545 2490 689 2566 suspendii
709 2494 850 2551 sententia
868 2494 1050 2552 innocentem
1071 2489 1182 2550 damna·

157 2583 206 2644 vit.
249 2578 358 2638 Videas
379 2577 453 2637 filius
474 2584 585 2654 patrem
607 2577 782 2653 demnatum,
804 2595 859 2637 nee
880 2577 987 2653 aliquid
1009 2582 1036 2637 ei
1055 2575 1181 2655 prodesse

156 2668 273 2727 fratrum
301 2667 480 2739 testimonia,
507 2665 579 2724 flens
607 2672 636 2725 et
664 2665 772 2724 eiulans
794 2663 864 2723 dixit
884 2665 922 2724 ad
943 2665 1080 2726 iudicem:
1105 2664 1181 2738 Rogo

158 2773 210 2815 vos
233 2754 345 2813 dominc
367 2759 507 2828 quotenus
527 2754 630 2811 intuitu
644 2751 701 2810 Dei
723 2758 752 2810 et
773 2753 863 2810 sancti
876 2751 981 2812 Jacobi
1002 2769 1048 2812 me
1069 2767 1181 2826 suspen·

159 2841 246 2916 datis,
272 2847 354 2917 patre
375 2855 439 2898 meo
463 2839 587 2898 dimisso.
628 2837 692 2915 Ego
714 2840 791 2898 enirn
811 2841 879 2896 novi
898 2841 1089 2900 innocentiam
1106 2836 1181 2896 illiue

160 2927 246 2987 Cuius
260 2927 373 2986 fletibus
392 2933 420 2986 et
440 2927 575 2984 instantia
595 2925 711 2984 tandem
732 2925 817 2984 iudex
838 2927 940 3001 victus,
961 2932 1071 3002 patrem
1092 2921 1182 2986 absol·

157 3016 214 3087 vit,
236 3009 415 3093 ipsumque⁶)
448 3013 602 3088 suspendit.
645 3012 733 3072 Pater
751 3029 820 3076 vero
842 3014 936 3074 tristis,
949 3014 1033 3072 nimis
1055 3030 1118 3072 cum
1135 3025 1181 3068 so·

159 3101 208 3159 ciis
237 3099 409 3174 procedens,
443 3106 471 3158 et
498 3100 596 3158 lnrina
622 3099 700 3158 beati
719 3097 824 3158 Jacobi
845 3101 980 3174 visitans,
1007 3101 1117 3176 ipsiquo
1134 3111 1180 3172 pro

158 3188 253 3246 arrima
273 3184 323 3243 filii
342 3185 519 3261 supplicans,
539 3191 693 3262 postquam
713 3185 751 3246 ad
771 3186 868 3245 locum
888 3187 1083 3262 suspensionis
1101 3183 1181 3256 rediit,

158 3275 198 3332 ait
223 3272 369 3330 iratribus:
391 3272 467 3332 Eece
488 3273 587 3356 frenes
608 3273 683 3332 filius
705 3289 801 3349 mens;
829 3289 931 3348 precor
941 3267 962 3353 ⁶)
991 3279 1024 3332 ut
1045 3269 1181 3349 paululum

157 3358 332 3431 subsistatis,
365 3357 455 3417 donec
482 3358 562 3418 illum
590 3358 732 3434 deponam
754 3366 783 3430 et
803 3358 948 3435 sepeliam.
990 3358 1099 3420 Audita
1117 3369 1180 3418 roco

157 3449 245 3524 patris
265 3439 370 3523 filiast)
392 3444 549 3521 respondit:
577 3445 757 3506 Benevenias
777 3453 875 3522 pater,
903 3445 998 3507 adhuc
1020 3449 1094 3508 enim
1114 3445 1181 3504 vivo.

71 3581 73 3586 .
157 3535 311 3610 Depositus
339 3530 376 3590 ab
407 3547 455 3606 eo,
477 3536 506 3591 et
532 3533 722 3608 interrogatus
752 3549 893 3607 quaenam
916 3540 992 3594 esset
1013 3551 1101 3595 causa
1119 3529 1181 3593 tanti

175 3724 207 3792 t)
224 3717 310 3774 ABCP
327 3717 442 3842 {ignit
455 3745 485 3757 —
498 3716 530 3781 2)
547 3695 569 3767 Β
587 3731 653 3767 eum
671 3729 750 3768 vera
767 3715 930 3785 lida—3)
947 3717 1180 3772 Breverentar.

226 3821 259 3830 -
277 3790 309 3858 4)
365 3787 476 3840 verbis
493 3787 619 3836 cius-
645 3784 677 3850 5)
694 3782 715 3834 D
732 3783 918 3905 iiliumguc,
936 3785 957 3844 C
975 3796 1008 3839 ct
1025 3787 1136 3842 filiurn.
1152 3812 1179 3824 v

225 3861 257 3929 6)
276 3858 296 3912 C
313 3872 430 3928 precor
447 3870 515 3908 vos.
535 3881 565 3892 -
586 3852 618 3919 7)
635 3851 731 3904 iilius
748 3851 797 3903 add
814 3850 836 3904 B
860 3853 890 3906 ss.
