2608 4252
136 288 174 345 16
443 287 670 351 DISTINGTIO
692 283 867 350 SEPTIMA

492 480 726 542 CAPITULUM
746 480 833 540 XIH.
875 533 879 540 ,

196 603 272 662 Item
293 602 329 662 de
351 603 450 662 eodem
472 619 620 675 converso,
643 610 670 662 et
691 605 791 662 ceteris
813 605 959 662 conversio
980 603 1110 678 insimulo,

402 707 476 766 quos
496 696 588 748 nocie
609 692 731 750 viniano
755 689 908 748 benedixit.

153 847 172 906 κ
200 809 293 870 Nocte
314 810 440 887 quadarn
468 828 534 870 oum
562 828 716 870 conversus
744 811 888 886 praefatus
917 809 1029 870 sederet
1049 813 1079 868 in
1098 809 1176 870 lecto

138 914 190 957 suo
203 899 232 955 in
245 897 429 972 infirmitorio,
451 904 480 956 et
494 901 593 956 ceteris
609 898 814 956 dormientibus
826 897 933 957 diceret
943 899 1085 957 orationes
1098 914 1178 972 suas,

136 983 207 1043 vidit
221 984 377 1044 Dominam
397 983 525 1043 nostrem
547 984 667 1044 candem
689 984 822 1044 cellulam
836 982 851 1064 ¹)
873 987 903 1044 in
924 985 1176 1060 magnanimitate

136 1073 303 1146 intrantem,
332 1071 473 1130 monacho
496 1070 637 1146 quodam,
667 1089 753 1146 quem
773 1071 1023 1147 nominatorem,
1055 1088 1176 1148 proece-

137 1158 236 1232 dente,
265 1159 402 1217 matronis
431 1158 544 1217 duabus
566 1151 820 1234 subsequentibus!
859 1158 952 1234 Super
980 1161 1060 1218 ouius
1089 1164 1180 1234 caput

137 1261 204 1304 oum
224 1262 342 1303 manum
355 1245 505 1321 posuisset
526 1243 617 1304 lectos
630 1241 833 1324 infirmomm²)
855 1245 1039 1324 perlustrans,
1062 1253 1089 1306 et
1107 1243 1177 1304 dor·

137 1332 290 1390 mientibus
312 1332 499 1406 benedicens,
527 1334 629 1415 iterum
651 1330 689 1390 ad
712 1349 778 1390 eom
799 1332 896 1407 rediit,
924 1349 1069 1409 manuque
1090 1347 1179 1408 super

55 1435 57 1439 ’
137 1423 226 1493 capot
247 1420 308 1476 eius
331 1419 458 1477 secundo
480 1421 589 1495 posito,
618 1421 659 1478 sio
681 1421 736 1478 ait:
765 1417 846 1478 Deus
868 1419 1020 1479 benedicat
1041 1417 1178 1494 quioquid

137 1504 184 1564 hic
212 1511 318 1563 manet
366 1505 472 1581 Sisque
502 1523 617 1582 egressa
646 1511 717 1564 est·
744 1504 948 1566 NOVICIUS:
977 1506 1009 1565 Si
1038 1509 1078 1565 sic
1107 1505 1177 1565 dor-

137 1593 257 1650 mientes
278 1593 411 1651 noctibus
440 1609 459 1651 a
487 1593 604 1668 speculo
626 1595 714 1651 totius
736 1593 873 1652 castitatis
895 1594 1058 1668 visitantur,
1090 1591 1178 1652 valde

138 1677 233 1752 dccet,
262 1684 295 1736 ut
322 1685 383 1738 tam
412 1678 540 1738 ordinate
557 1685 598 1738 -et
625 1684 685 1738 tam
715 1681 872 1754 composite
901 1679 1024 1755 religiosi
1045 1679 1177 1739 iniectis

6 1779 8 1786 ’
32 1833 37 1846 ¹
137 1767 197 1825 suis
219 1766 311 1825 iacere
333 1766 482 1841 studeant,
512 1773 544 1826 ut
564 1769 709 1842 virgineus
730 1773 863 1842 aspectus
884 1767 914 1824 in
937 1769 977 1824 eis
1004 1783 1062 1824 non
1084 1767 1177 1825 olien-

138 1851 231 1912 datur.
267 1850 507 1913 MONACHUS:
535 1852 621 1913 ,Iuste
649 1855 781 1912 moveris.
823 1853 957 1912 Referam
984 1853 1035 1911 libi
1057 1853 1093 1912 dc
1118 1853 1177 1912 hoc

138 1938 317 2016 exemplum,
348 1938 426 2016 quod
447 1957 493 2000 me
520 1939 634 2000 audisse
656 1939 750 2000 recolo
772 1957 791 2000 o
812 1942 947 2017 magistro
969 1956 1034 2000 mco
1056 1942 1085 1998 in
1106 1956 1178 2016 pro·

138 2026 263 2086 batione.

489 2181 721 2244 CAPITULUM
744 2182 830 2243 XIV.

188 2304 264 2364 Item
287 2305 322 2362 de
343 2305 502 2378 meraclo,
525 2305 631 2382 quibos
656 2304 867 2366 dormientibus
889 2304 1042 2377 benedicit,
1064 2321 1126 2364 coto

302 2398 420 2476 tontum
441 2393 586 2468 scelesto,
598 2397 681 2472 ,quia
702 2393 871 2451 inordinate
891 2391 1013 2450 iacebat.

202 2511 363 2572 Monachus
386 2511 517 2589 quidam,
545 2515 620 2572 siout
639 2513 800 2590 frequenter
822 2515 972 2590 contingit,
1004 2529 1070 2572 oum
1091 2508 1177 2573 nocte

140 2599 265 2675 quadam
287 2599 408 2659 dormire
429 2617 486 2659 non
508 2608 621 2676 posset,
651 2599 813 2676 diceretque
836 2602 978 2659 orationes
999 2616 1082 2674 suae,
1104 2616 1177 2658 oon·

138 2686 293 2761 templatus
316 2693 360 2746 est
379 2689 409 2746 in
431 2687 594 2746 dormitorio
609 2688 744 2747 feminam
764 2689 827 2745 miri
850 2687 967 2746 dcooris.
1004 2684 1087 2760 Quae
1110 2703 1176 2744 oum

86 2819 93 2826 .
139 2773 338 2833 dormientium
358 2773 448 2833 lectos
471 2776 615 2849 circuiret,
643 2773 760 2851 singulis
777 2774 948 2858 'benedixit
977 2789 1033 2830 uno
1063 2779 1176 2831 tantum

138 2859 280 2920 monacho
301 2861 446 2938 neglecto,
480 2879 566 2937 quem
587 2877 644 2919 non
657 2859 677 2942 ³)
699 2862 839 2936 respicere
861 2861 978 2918 curavit.
1022 2858 1107 2933 Hunc
1128 2861 1177 2918 vi-

137 2944 229 3022 gilans
252 2947 413 3024 diligentius
435 2955 552 3024 notans,
576 2965 641 3006 cum
663 2949 735 3007 visio
758 2949 784 3006 ei
804 2948 904 3006 suisset
924 2949 1054 3005 intimata
1074 2963 1176 3021 mane,

138 3031 287 3092 consessus
317 3034 459 3111 estquod
482 3036 583 3094 eadem
605 3041 688 3094 nocte
708 3033 866 3092 inordinate
887 3035 1035 3108 iacuisset,
1067 3032 1177 3108 aliquid

138 3121 194 3179 sibi
216 3120 252 3179 de
272 3123 365 3196 rigore
388 3122 493 3182 ordinis
507 3122 670 3182 relaxando.
712 3122 778 3180 Non
798 3121 868 3179 mihi
882 3121 974 3182 dicere
995 3122 1089 3194 potuit
1110 3137 1177 3179 mn·

136 3209 224 3283 gister
246 3224 336 3282 meus,
357 3211 453 3267 utmm
468 3209 611 3286 cingulum
625 3209 797 3284 deposuerit,
812 3206 859 3266 rol
873 3207 978 3282 caligas
993 3203 1176 3286 demisemt⁴)‚

137 3294 198 3352 sive
227 3295 353 3352 tunicam
383 3295 577 3354 denodaven't.
626 3293 828 3355 NOVICIUS:
860 3293 892 3352 Si
919 3309 970 3368 pro
1000 3293 1085 3369 culpe
1114 3302 1177 3353 tam

137 3379 251 3440 modica
273 3381 430 3440 monachus
452 3385 505 3440 iste
527 3385 619 3458 gratia
640 3381 845 3440 benedictionis
866 3381 994 3456 privatos
1016 3387 1074 3454 est,
1102 3387 1175 3456 puto

138 3485 204 3526 eum
226 3466 344 3544 dignum
367 3485 429 3528 esse
451 3485 558 3552 poene,
592 3470 640 3543 qui
667 3467 824 3526 inordinate
855 3474 883 3525 et
910 3463 1053 3542 impudice
1081 3469 1176 3528 iecere

138 3553 279 3614 dormiens
310 3551 497 3634 consuevisti
547 3553 783 3614 MONACHUS:
815 3554 861 3612 De
883 3552 938 3611 hoc
959 3552 1082 3612 terribile
1105 3555 1176 3614 sotis

137 3641 228 3701 hebes
249 3641 410 3716 exemplum
431 3643 460 3700 iu
476 3641 655 3702 distinctione
669 3644 768 3717 quinta
781 3637 905 3716 capitulo
918 3638 1060 3696 tricesimo
1082 3643 1177 3716 tertio,

155 3793 186 3862 l)
204 3793 223 3844 Β
242 3791 369 3845 cellam.
389 3821 420 3832 -
439 3792 471 3859 2)
488 3790 511 3842 Β
529 3791 732 3861 singulorum
749 3786 1044 3866 infirmorum-3)
1064 3787 1084 3840 Β
1102 3805 1174 3844 nec.

206 3892 237 3902 -
256 3863 288 3930 4)
305 3860 388 3914 ocul>
405 3860 577 3914 dimiserit.
597 3891 626 3902 -
648 3863 678 3930 5)
696 3861 716 3913 Β
735 3861 956 3912 consueverit.
1043 3883 1045 3888 ·
