2524 4252
146 293 239 357 aot
452 293 678 358 nrsnmcno
698 269 915 358 nonnonm'

165 422 314 490 renueret,
346 417 439 476 sciens
467 433 534 476 eum
562 423 721 494 mondum,
750 393 872 478 subiecit
891 417 954 478 ille:
982 416 1054 478 Peto
1079 425 1110 477 nt
1134 417 1182 476 hoc

136 499 137 508 ’
164 506 259 580 ipsum
282 503 360 562 dicas
381 503 509 564 secundo
531 505 660 580 Dodone,
683 507 750 580 quie
772 504 833 564 dies
855 507 908 564 en‘t
929 509 1032 564 octevo
1053 502 1103 565 die.
1135 503 1182 564 iile

166 590 320 667 evigilans,
340 596 370 650 et
391 589 427 650 de
447 591 557 651 visione
578 593 648 650 satis
668 591 820 666 admirans,
842 591 910 667 qnid
930 591 1039 666 viderit,
1059 590 1104 652 vel
1122 589 1181 666 qnid

167 677 312 737 erlons
332 656 518 753 mandaverit,
539 693 624 736 mene
644 677 764 738 Decano
776 679 925 738 natitavit.
968 677 1025 754 Qni
1044 678 1182 738 statimvi·

101 823 105 830 ,
166 781 230 823 snm
242 763 410 841 intelligens,
431 763 592 867 respondit.
613 765 676 840 Ego
698 766 767 824 setis
780 767 867 826 timeo
882 765 960 842 quod
973 765 1083 824 diem
1060 783 1116 826 ems
1134 765 1183 824 olto

92 875 99 896 ν
166 851 319 910 observare
342 850 476 926 debeam,
503 853 571 926 quia
592 850 679 910 homo
700 868 788 928 senex
810 868 873 911 snm
896 859 925 912 et
945 851 1054 912 debilis.
1094 852 1183 912 Statim

167 938 268 998 eadem
291 937 337 997 die
357 939 439 1014 peins
461 940 555 1013 eoepit
575 938 697 1012 habere,
724 941 765 998 its
786 945 818 999 ut
838 938 984 1015 praedicto
1006 938 1050 998 die
1071 954 1182 998 morere-

166 1031 221 1084 tnr.
265 1022 349 1100 Quod
371 1024 421 1083 ubi
443 1027 580 1101 comperit
600 1025 746 1100 Ervvinus,
767 1028 870 1084 timens
892 1027 960 1102 quie
981 1028 1089 1102 etipse
1108 1027 1183 1084 mori-

167 1118 247 1171 turus
268 1117 353 1185 esset,
375 1113 469 1185 coepit
490 1128 521 1170 se
543 1128 594 1187 per
615 1112 822 1172 contessionem
842 1118 930 1187 atque
947 1129 1058 1172 sacram
1068 1128 1182 1172 commn-

167 1200 282 1258 nionem
304 1197 342 1257 ad
363 1203 483 1257 mortem
496 1215 677 1273 praeparare.
719 1197 767 1258 Ad
789 1216 875 1275 quem
899 1200 1183 1276 meiorPraepositus:

168 1283 239 1344 Cras
266 1285 294 1342 in
324 1290 467 1344 conventu
497 1283 580 1344 dieite
609 1288 635 1345 ei
660 1287 777 1344 missam
806 1286 987 1361 sollemnem,
1020 1293 1048 1346 et
1067 1285 1184 1363 sepelite,

166 1372 264 1445 sicque
285 1371 462 1431 satisfecistis
482 1373 611 1446 petitioni
632 1374 702 1432 eius.
745 1373 832 1448 Quod
853 1375 894 1432 ita
913 1374 1022 1434 lactum
1041 1380 1091 1449 est,
1110 1379 1184 1448 etipse

166 1458 246 1518 iuxta
267 1457 407 1533 capellam
438 1458 577 1534 praedicti
598 1458 774 1521 contessoris
800 1461 837 1520 ab
860 1477 895 1520 eo
916 1460 1053 1536 sepultus
1093 1458 1185 1522 Adhuc

166 1543 244 1606 idem
263 1543 394 1606 Ervvinus
416 1545 496 1620 vivit,
518 1563 537 1604 a
558 1548 640 1606 euius
661 1562 710 1606 ore
731 1546 830 1606 andivi
851 1563 926 1623 quae
944 1547 1104 1608 dictasunt.
1141 1546 1182 1605 In·

168 1639 211 1692 ter
231 1647 336 1692 avaros
355 1648 465 1707 poenas
486 1631 598 1692 solvent
626 1633 713 1692 etiem
739 1631 888 1710 advocati,
920 1637 969 1710 qui
989 1633 1076 1695 modo
1095 1633 1182 1696 meris

166 1720 284 1796 pinguis
304 1721 451 1796 recipiunt,
473 1724 502 1780 et
523 1735 624 1780 causas
646 1719 825 1780 subvertunt.

499 1873 732 1938 CAPITULUM
758 1876 870 1938 XLVI.

95 2009 101 2017 ⁴
168 1994 216 2052 De
237 1995 472 2071 morte-lepidae
497 1999 531 2055 isc
553 1995 688 2056 Sasonis
709 1999 759 2056 cni
778 1999 916 2057 mor-lenti
935 1998 1042 2074 dopna
1062 1996 1180 2058 contra

571 2082 725 2143 subtracta
748 2091 798 2144 cst.
944 2128 954 2160 ,

231 2184 365 2245 Narravit
384 2185 453 2245 mihi
464 2193 530 2247 ante
542 2203 651 2263 psuoos
665 2205 778 2248 menses
791 2187 892 2264 aliquis
904 2186 1040 2272 sacerdos
1060 2185 1094 2246 de
1104 2184 1180 2245 Sano-

167 2273 228 2346 nia,
247 2273 357 2332 dicens:
379 2273 478 2349 Nuper
498 2277 527 2332 in
548 2281 624 2334 terra
644 2281 741 2334 nostra
763 2275 1063 2351 quidam-nominatus
1080 2273 1181 2333 decreti·

167 2363 213 2418 sta
240 2367 368 2419 mortuus
397 2368 449 2420 est.
504 2361 648 2438 Quicum
676 2361 782 2436 hiaret,
813 2362 911 2438 lingna
939 2364 968 2420 in
1001 2377 1050 2421 ore
1078 2359 1181 2419 defuncti

167 2451 291 2504 nonest
318 2449 443 2506 inventa.
496 2447 534 2505 Et
554 2451 654 2508 merito
683 2449 810 2526 linguam
837 2447 959 2524 perdidit
986 2450 1120 2522 moriens,
1144 2445 1181 2521 qni

162 2531 245 2590 illam
267 2550 354 2608 saepe
376 2533 543 2593 vendiderat
563 2536 672 2594 vivens.
692 2534 895 2595 NOVICIUS:
917 2535 1015 2595 Simile
1049 2533 1182 2594 dixissete

167 2617 263 2678 recolo
286 2619 321 2679 de
334 2619 461 2680 Hanrico
474 2621 596 2680 Ratione
617 2624 646 2682 in
663 2622 842 2682 dictinctione
856 2629 938 2683 sexta
951 2621 1076 2700 capitulo
1096 2619 1181 2682 vicesi-

168 2723 216 2766 mo
245 2713 358 2767 octavo.
400 2706 636 2770 MONACHUS:
668 2709 815 2768 Recordor
840 2726 916 2768 nunc
938 2709 1086 2770 cniusdam
1105 2706 1181 2776 verbi,

168 2793 204 2852 de
227 2793 393 2868 ,huiusmodi
415 2794 564 2854 advocatis
585 2797 701 2876 yronice
724 2794 799 2856 dicti.
848 2795 960 2857 Eodem
987 2801 1112 2872 tempore
1136 2807 1180 2869 qno

167 2883 226 2938 iam
241 2879 332 2940 dietus
347 2881 489 2942 Henricns
512 2883 590 2957 obiit,
611 2889 740 2942 mortuns
762 2891 807 2942 est
828 2889 856 2942 et
877 2885 1013 2960 magister
1025 2883 1111 2942 Folco
1123 2881 1180 2938 iis-

168 2969 310 3045 verensis3
332 2971 435 3028 mortni
457 2975 523 3028 sunt
544 2975 573 3028 et
593 2969 689 3045 plures
710 2969 821 3031 nobiles
841 2976 942 3030 terrae.
985 2970 1090 3046 Recte,
1108 2965 1181 3042 nth

168 3053 286 3129 quidam
307 3058 469 3132 canonicus,
490 3056 597 3118 faciunt
617 3056 729 3116 nobiles
750 3059 808 3133 isti,
832 3056 910 3134 quod
931 3059 1083 3118 morientes
1103 3069 1181 3116 seem

169 3138 278 3198 ducunt
306 3141 463 3202 advocatos
484 3145 569 3219 istos3
598 3149 680 3202 ernnt
709 3146 783 3203 enim
813 3146 853 3203 eis
881 3147 1045 3204 necessarii.
1087 3137 1181 3202 Novi·

170 3223 272 3285 CIUS:
302 3227 368 3286 Non
389 3229 428 3288 ibi
448 3229 556 3289 valebit
576 3229 653 3290 Saxo
674 3247 767 3306 neque
788 3231 890 3308 Ratio,
921 3233 988 3306 quie
1009 3232 1070 3290 sine
1090 3229 1181 3304 lingna,

65 3358 70 3370 .
168 3315 229 3371 sive
252 3311 348 3372 clauso
371 3333 428 3390 ore,
448 3317 538 3376 verba
559 3318 673 3376 minime
694 3319 859 3376 formantur.
901 3315 1129 3376 MONACHUS:
1154 3311 1180 3370 ln

168 3399 217 3458 illo
240 3397 336 3458 divino
360 3405 498 3478 examine,
520 3405 570 3463 ubi
592 3405 682 3480 aperti
703 3409 785 3463 erunt
805 3404 878 3479 libri,
899 3410 928 3464 et
947 3403 1105 3464 Jerusalem
1115 3417 1180 3460 scru-

168 3487 275 3546 tobitur
294 3487 323 3544 in
343 3486 465 3548 lucernis
477 3486 503 3569 ¹),
524 3490 618 3550 nnllus
640 3490 846 3551 advocatorum
867 3507 962 3566 neque
978 3507 1030 3567 pro
1053 3501 1179 3561 seneque

167 3591 220 3650 pro
242 3571 303 3632 aliis
325 3576 471 3651 assignare
492 3577 595 3652 pot'erit
616 3578 713 3654 aliqua
739 3577 812 3636 falsa
839 3575 904 3638 loca
934 3595 969 3636 ex
998 3577 1106 3654 legibus
1130 3575 1178 3632 sive

176 3661 297 3720 '‘cretis.
347 3659 385 3720 Et
413 3661 485 3721 haec
515 3663 590 3723 dieta
618 3667 674 3724 sint
702 3664 737 3724 de
759 3666 862 3724 avaris.
914 3663 961 3724 De
990 3663 1092 3726 dolosis
1113 3675 1178 3730 voro,

267 3751 418 3808 coniuncta
439 3754 483 3808 est
503 3752 631 3826 avaritia,
651 3769 727 3811 nunc
750 3751 847 3834 alique
867 3752 1018 3812 subiiciam
1038 3747 1161 3826 exempla

254 3863 348 3932 ephon.
367 3865 391 3932 1,
409 3866 450 3922 12.
470 3895 500 3906 ·-
520 3865 591 3934 2)1t
609 3865 736 3936 quihus.
753 3867 825 3922 Conl.
842 3867 895 3934 Vll,
913 3869 955 3922 20.
973 3885 999 3936 p.
1018 3869 1060 3922 25.
