2524 4252
899 153 933 234 t

360 287 415 350 nu
436 272 727 351 promeremus„
1025 291 1087 351 aar

71 413 215 489 Gregorius
231 413 268 473 ad
291 419 417 474 extrema
418 411 573 559 seductus
586 419 638 472 est.
672 411 801 487 Cumque
822 428 902 488 soror
924 428 1020 472 eoram
1041 411 1089 472 illo

69 499 161 560 sedens
182 500 378 560 lacrimaretur
398 517 418 560 v
448 499 500 574 de,
521 497 569 558 ille
591 499 741 558 consolans
763 515 827 558 eam
848 501 901 558 ait:
928 498 994 558 Noli
1014 499 1091 574 flere,

69 588 131 662 quis
148 592 238 647 mater
258 594 355 646 nostra
375 594 464 647 vocat
482 603 538 645 me.
580 585 619 645 Et
638 585 702 646 illa:
732 585 790 645 Ubi
811 583 875 646 est?
918 585 1090 662 Respondit:

69 673 137 734 lleoe
157 690 253 734 eoram
274 691 322 733 me
341 680 409 738 stat
449 673 556 748 Sitque
575 675 672 732 anima
692 672 742 732 illa
762 678 863 732 saneta
883 688 968 732 earne
996 672 1091 732 soluta

69 765 115 820 est
161 759 273 836 Corpus
300 777 369 820 vero
399 761 459 820 eins
488 777 553 819 oum
581 759 671 818 multo
698 759 807 818 honore
834 761 907 816 inter
939 761 1091 820 canonicos

69 843 186 908 eiusdem
208 847 345 908 ecelesiae
366 847 509 923 sepultum
523 853 574 905 est.
613 845 815 905 NOVICIUS:
838 844 932 904 Valde
952 845 1023 904 milri
1044 848 1090 907 vi-

68 930 161 993 dentur
183 951 245 996 esse
274 935 405 1010 perfecti,
434 950 555 1009 quorum
584 935 697 992 animae
724 949 808 992 earne
837 930 994 1007 resolutae,
1023 949 1090 992 mox
1163 986 1165 1002 ,

68 1019 216 1082 ascendunt
235 1019 275 1080 ad
295 1023 432 1096 requiem.
474 1018 710 1079 MONACHUS:
739 1020 849 1079 Verum
870 1018 948 1078 dieis.
990 1017 1090 1097 Neque

23 1161 32 1194 ξ
69 1105 117 1166 hoe
136 1113 164 1168 te
183 1107 274 1170 lateat
294 1105 371 1184 quod
392 1105 478 1170 valde
498 1124 590 1182 parva
611 1112 678 1166 sunt
699 1105 802 1165 iudicio
827 1105 990 1180 hominum,
1017 1124 1090 1183 quae

68 1194 214 1340 ρθὲἲξὲῐοε,
241 1197 365 1256 maxime
387 1191 562 1270 claustrales,
584 1192 622 1253 ab
644 1195 759 1252 introitu
781 1192 888 1271 gloriae
917 1192 1090 1269 quandoque

67 1297 93 1340 re
151 1288 208 1340 ant.
613 1297 621 1316 ¹

379 1433 611 1497 CAPITULUM
634 1435 769 1497 XXXV.

125 1559 170 1618 De
190 1575 328 1620 omwerm
350 1559 386 1618 do
408 1558 512 1637 Opem
535 1562 727 1635 propropter
749 1557 871 1618 obulum
891 1576 1026 1620 reomaus

454 1652 496 1705 est
517 1645 559 1704 od
579 1662 695 1720 eorpus

125 1766 285 1827 Conversus
312 1765 429 1843 quidam
457 1765 493 1825 de
522 1765 624 1842 Cynna
635 1762 652 1846 ¹)
681 1781 756 1841 quae
784 1763 887 1824 domus
914 1772 958 1826 est
985 1768 1091 1830 ordinis

69 1853 156 1928 notul,
176 1871 240 1914 oum
262 1853 309 1912 die
323 1851 448 1928 quadam
470 1855 572 1915 missus
594 1852 631 1911 ab
644 1851 761 1912 Abbate
783 1868 844 1927 suo,
864 1855 980 1930 navigio
994 1861 1090 1916 trans-

69 1937 114 1997 iret
133 1955 183 2016 per
210 1941 329 2000 fluvium
357 1939 474 2000 Albiam
500 1941 549 2015 qui
575 1939 638 1997 fluit
663 1955 715 2015 per
735 1938 907 2012 saxoniam,
934 1948 1024 2002 nauta
1052 1946 1089 2004 ab

70 2041 98 2083 eo
116 2027 230 2086 naulum
251 2027 406 2103 requisivit.
450 2025 505 2102 Qui
528 2043 593 2085 oum
615 2026 737 2100 diceret,
766 2023 836 2084 nihil
857 2043 888 2086 se
911 2027 948 2086 ad
973 2047 1089 2091 manum

68 2109 164 2173 habere
181 2115 328 2190 pecuniae,
348 2112 566 2190 responditille:
588 2112 665 2172 Date
686 2113 755 2172 rnihi
775 2128 827 2188 pro
848 2114 966 2190 pignore
988 2119 1090 2195 cingu-

71 2196 122 2260 lum
142 2201 187 2260 vel
208 2200 355 2260 oultellum
374 2207 510 2259 vestrum.
553 2199 617 2258 Non
639 2215 774 2276 possum,
794 2201 894 2275 inquit,
918 2201 962 2260 his
984 2221 1089 2266 carere.

70 2283 103 2342 m
121 2287 235 2347 adiecit:
256 2287 321 2364 Ego
341 2290 475 2363 promitto
496 2286 579 2345 vobis
602 2303 666 2345 oum
689 2286 787 2346 ordine
809 2302 883 2361 meo,
905 2289 983 2363 quod
1004 2291 1089 2352 dimi-

71 2369 141 2432 dium
161 2373 306 2434 denarium
327 2375 410 2432 vobis
432 2375 583 2433 remittam.
624 2373 664 2432 Et
686 2372 790 2431 dimisit
802 2390 868 2432 eum
889 2383 986 2436 nanta
1028 2381 1088 2442 Re-

71 2458 165 2520 cedens
185 2462 223 2521 ab
246 2477 280 2520 eo
303 2477 467 2538 conversus,
490 2477 525 2520 eo
548 2459 625 2535 quod
646 2477 691 2520 res
713 2459 827 2519 modico
847 2461 999 2541 videretur,
1019 2484 1089 2545 pro-

71 2546 177 2606 missum
190 2547 378 2624 parvipendit,
399 2547 469 2606 nihil
483 2549 636 2606 remittens.
678 2546 743 2605 Nou
765 2547 854 2606 multo
875 2557 942 2623 post
962 2553 1089 2617 infirma-

70 2635 116 2708 tus,
131 2651 193 2692 oum
207 2635 339 2694 omnibus
355 2636 404 2708 qni
416 2633 536 2694 aderant
548 2639 677 2692 mortuus
691 2632 842 2709 videretur,
857 2638 953 2697 anima
967 2655 1089 2717 egressa,

71 2731 127 2778 eum
147 2721 183 2780 ad
203 2723 330 2796 requiem
351 2720 506 2780 ascendere
527 2719 627 2794 vellet,
654 2719 832 2796 praedictum
861 2720 1007 2786 dimidium
1036 2728 1088 2789 de-

70 2808 169 2868 narium
191 2811 271 2868 euius
293 2809 322 2866 in
344 2807 521 2868 confossione
542 2824 599 2866 non
621 2809 764 2881 meminit,
786 2813 853 2868 ante
875 2809 975 2870 oeulos
996 2813 1088 2877 habe-

69 2888 121 2950 but.
162 2893 217 2972 Qui
239 2893 313 2955 adeo
334 2895 438 2969 erevit,
465 2900 498 2952 ut
519 2893 625 2952 mundo
647 2896 738 2953 maior
758 2893 908 2954 videretur.
958 2897 1089 2979 Cumque

73 2991 175 3040 tursum
209 2983 309 3041 nitenti
341 2997 455 3057 semper
483 2981 649 3056 obsisteret,
676 2997 770 3056 neque
791 2980 869 3040 aliud
900 2994 976 3045 esset
1011 2993 1089 3065 quod
1132 3027 1137 3037 -

72 3067 185 3127 animam
193 3065 214 3147 ²)
236 3067 399 3143 impediret,
428 3065 465 3126 ad
494 3068 661 3144 angelorum
682 3069 848 3143 petitionem
875 3075 1014 3144 permissa
1047 3085 1090 3139 est

73 3151 152 3214 redire
165 3156 202 3214 ud
215 3171 327 3230 eorpus.
347 3153 518 3214 Mirantibus
531 3156 649 3230 eunetis,
670 3151 808 3214 visionem
820 3155 923 3233 retulit,
940 3167 969 3220 et
986 3165 1090 3226 missus
1157 3193 1162 3204 ·

73 3243 109 3296 ert
128 3242 162 3300 ab
184 3241 300 3302 Abbate
320 3249 426 3302 nautae
451 3243 561 3318 integer
589 3240 722 3300 denarius
750 3243 804 3300 snb
832 3247 909 3302 omni
938 3247 1093 3314 eeleritate.

73 3320 154 3397 Quem
174 3336 206 3388 ut
226 3328 273 3388 ille
294 3330 416 3404 recepit,
438 3329 538 3388 eadem
561 3327 633 3386 hora
654 3328 812 3387 seeundum
834 3330 1088 3399 considerationem

73 3424 212 3475 conversus
241 3417 403 3492 exspiravit.
451 3415 534 3475 Haeo
562 3415 632 3473 milri
659 3417 786 3474 narravit
805 3415 908 3478 Abbas
935 3421 1088 3498 Livoniae,

74 3511 188 3560 asserens
216 3503 270 3562 sibl
298 3503 418 3562 recitato
445 3519 464 3562 a
498 3502 644 3578 praedicto
673 3499 799 3562 Abbate.
849 3502 933 3564 Unde
967 3509 1088 3586 religiosi

73 3593 166 3654 quanto
190 3588 382 3650 saecularibus
410 3591 504 3648 maius
532 3591 690 3663 praemium
716 3595 846 3664 sperant,
875 3597 955 3651 tanto
985 3595 1090 3656 debent

73 3682 126 3731 eme
144 3675 260 3752 solliciti,
282 3692 318 3736 ne
339 3678 491 3736 morientes
513 3674 620 3752 aliquid
641 3675 766 3751 pulveris
787 3693 886 3738 seeum
906 3679 1028 3740 trahant

88 3783 114 3852 ¹)
128 3789 210 3854 Ziqua,
227 3791 314 3846 Coena
331 3790 421 3844 beatae
439 3791 540 3853 Manae,
563 3790 711 3843 coenobium
729 3792 777 3844 luit
793 3792 919 3844 llloooosis
936 3780 1103 3864 llngdelrur·v

130 3863 221 3928 gensis,
238 3861 304 3914 haud
322 3861 408 3930 procul
426 3861 457 3914 nb
475 3860 595 3929 oppidulo
611 3859 757 3914 luterboclr.
770 3861 843 3928 *2)
862 3865 993 3917 animant
1010 3879 1050 3919 orn
1061 3869 1087 3921 P.
1182 3931 1188 3954 x

751 3929 831 4006 13*
