2524 4252
348 281 403 344 nn
424 284 604 348 PRAEMIO
625 287 888 371 uoauuoauru.
1068 300 1129 360 aaa

406 530 408 534 ,
448 453 680 540 enarraturi
700 479 782 540 mx.

245 596 293 654 Da
314 598 427 656 coelesti
447 599 615 660 Jerusalem
637 609 664 661 et
685 604 782 678 pluria
802 613 982 670 seminam.

161 715 342 778 Festinamus
363 735 431 794 ergo
453 719 561 796 ingredi
582 723 610 779 in
639 725 783 786 civitatem
810 727 888 810 illam
915 733 943 789 in
974 751 1031 810 qua
1057 738 1126 796 nulli

95 808 164 861 sunt
182 808 376 880 terraemotus,
398 805 468 863 nulli
481 811 603 884 gemitus
623 809 671 869 vel
693 815 820 889 suspiria,
841 816 892 874 sed
916 817 970 878 Dei
991 821 1054 882 laus
1076 823 1125 884 asss

93 889 187 950 sidua.
229 889 264 948 In
286 908 344 966 qua
364 892 442 952 nulla
463 893 603 969 pericula,
632 897 682 956 sed
712 903 847 960 securitas
872 902 961 965 firma.
1003 908 1038 967 In
1068 928 1125 986 qua

93 994 152 1035 non
175 982 219 1036 est
239 978 410 1053 mortalitas,
439 971 489 1039 sed
511 983 570 1039 vita
592 989 715 1043 aeterna.
757 985 792 1044 In
815 1001 872 1063 qua
892 1008 994 1066 rancor
1014 997 1125 1073 nullus,

94 1063 238 1124 discordia
258 1064 344 1139 nulla,
367 1065 417 1124 sed
438 1084 496 1142 pax
517 1067 610 1143 plena.
653 1069 688 1128 In
711 1089 768 1147 qua
789 1074 883 1135 nullus
896 1083 1007 1155 esurit,
1029 1083 1123 1156 nullus

92 1152 167 1225 sitit,
196 1153 263 1226 quia
284 1153 399 1211 satietas
419 1152 477 1212 illic
497 1153 718 1238 perfectissima,
754 1159 883 1235 Quatuor
903 1165 975 1226 haec
997 1168 1073 1230 bona
1094 1175 1122 1230 in

90 1239 183 1297 tribus
204 1238 350 1298 versiculis
363 1238 508 1315 Propheta
530 1243 874 1318 comprehendit'dicens:
896 1252 1007 1313 Lauda
1028 1257 1121 1318 Jeru-

90 1325 183 1384 salem
205 1326 384 1398 Dominum,
414 1327 507 1386 lauda
528 1329 628 1388 Deam
651 1337 735 1390 tuum
757 1334 847 1412 Syon.
889 1339 991 1400 Lauda
1020 1345 1121 1420 corde,
1210 1381 1214 1386 ,

89 1410 178 1472 lauda
199 1429 256 1471 ore.
306 1411 421 1488 Quare?
473 1415 621 1492 Quoniam
650 1418 830 1494 confortavit
857 1442 937 1484 aeros
958 1437 1120 1503 portarurn

90 1507 223 1560 inuram.
264 1497 341 1558 Ecce
362 1501 507 1559 securitas.
550 1503 707 1564 Benedicti
725 1507 791 1580 siliis
814 1513 871 1569 tuis
896 1516 928 1570 in
958 1522 992 1595 te
1042 1518 1118 1579 Ecce

86 1584 296 1646 immortalitas.
338 1585 372 1644 In
395 1585 510 1646 dextera
527 1587 601 1647 illius
622 1589 769 1667 longitudo
791 1595 937 1676 dierum1).
982 1603 1041 1679 Qui
1056 1624 1117 1681 po·

87 1677 148 1732 enit
166 1673 239 1749 fines
261 1680 326 1732 taos
343 1691 456 1748 pacem.
507 1674 582 1734 Ecce
610 1693 667 1751 pax
697 1684 726 1737 ot
753 1683 912 1743 o‘oncordia.
957 1687 1002 1748 'Et
1032 1693 1118 1768 adme

83 1760 231 1836 frumenti
251 1763 342 1818 satiat
360 1758 427 1830 te²).
461 1761 537 1820 Ecce
559 1765 683 1822 satietas.
711 1765 757 1826 De
779 1769 884 1844 gaudio
906 1774 1011 1834 civium
1031 1777 1116 1839 huius

86 1849 191 1908 beatae
212 1844 333 1906 civitatis
354 1849 382 1904 in
404 1845 460 1906 alio
482 1847 545 1908 loco
566 1848 641 1909 idem
664 1850 733 1911 dicit
753 1854 920 1919 Psalmista:
948 1861 1030 1922 Sicut
1051 1867 1115 1924 Iae-

86 1938 216 1994 tantiurn
238 1937 369 1993 anniam
390 1933 532 1993 habitatio
555 1933 626 2016 eat³)
648 1940 680 1996 in
702 1938 768 2018 td),
807 1941 1027 2020 comprehendit
1047 1952 1115 2012 bre·

84 2024 174 2095 viter,
202 2020 280 2096 quod
300 2019 391 2096 longis
412 2022 588 2082 sermonibus
611 2023 745 2099 explicari
753 2023 773 2108 ⁵)
801 2047 859 2088 non
880 2041 1000 2108 poterat.
1048 2039 1114 2099 Non

84 2109 162 2168 enim
184 2109 235 2167 orit
255 2109 318 2181 ipsa
337 2106 445 2166 laetitia
467 2107 557 2183 qualis
579 2109 626 2170 hic
647 2114 747 2188 agitur,
769 2116 818 2174 ubi
841 2117 876 2176 de
897 2119 1019 2181 filiorum
1047 2143 1113 2185 sus-

86 2197 217 2270 ceptione
237 2193 389 2266 laotamur,
415 2194 462 2253 vel
488 2195 523 2254 de
551 2213 668 2256 munere
697 2199 856 2262 divitiamm
886 2205 942 2286 et⁶)
972 2209 1112 2273 bonorum

84 2281 270 2359 gratulamur.
308 2279 393 2356 Quod
413 2283 498 2356 igitur
519 2282 651 2357 explicari
661 2282 682 2363 ⁷)
704 2304 761 2346 non
782 2294 882 2368 potuit,
903 2302 1016 2370 sumpta
1037 2317 1112 2374 qua-

83 2371 219 2445 licunque
243 2365 438 2441 similitudine,
475 2367 545 2426 dixit
575 2375 608 2428 ut
647 2375 747 2446 potuit.
799 2377 882 2438 Sicut
896 2425 905 2438 .
920 2382 1110 2461 laetantium,

83 2458 190 2532 inquit,
224 2452 253 2512 id
282 2462 326 2514 est
351 2471 418 2513 vore
448 2453 629 2530 laetantium,
664 2455 725 2540 πμ)
754 2464 791 2520 sit
813 2470 955 2539 expressio
976 2474 1112 2550 veritatis,

7 2565 8 2576 ¹
86 2549 116 2604 et
150 2559 207 2603 non
233 2545 302 2599 nota
334 2540 537 2615 similitudinis,
579 2549 611 2601 ut
636 2544 691 2620 ibi,
732 2549 889 2624 Tanquam
921 2560 1064 2632 unipcniti
1091 2581 1111 2620 α

85 2626 222 2702 Pateat),
243 2627 332 2686 idest
352 2643 420 2686 vere
440 2629 585 2702 unigeniti.
618 2629 741 2692 Istorum
752 2635 919 2699 laetantium
941 2645 1110 2719 septiformis

86 2722 132 2777 est
150 2717 235 2775 actio.
277 2715 387 2773 Vivant
408 2715 467 2772 vita
487 2714 627 2792 infinibili;
656 2722 768 2795 sapiunt
789 2740 893 2784 aroana
915 2727 994 2805 Deip
1013 2742 1112 2794 amant

84 2805 182 2864 Deum
204 2809 232 2862 et
252 2803 420 2876 proximum.
462 2800 595 2860 Laudant
616 2806 697 2878 qnod
717 2809 819 2866 oculas
839 2829 901 2870 non
929 2817 1015 2890 vidit,
1044 2823 1112 2895 quia

85 2895 155 2950 sunt
172 2887 332 2962 invisibilia,
354 2893 382 2948 et
396 2887 477 2963 quod
494 2892 575 2946 auris
588 2907 649 2948 non
671 2893 792 2966 audivit,
815 2899 882 2971 quia
902 2909 969 2960 sunt
988 2904 1017 2963 in
1038 2923 1110 2981 pace
1170 2963 1179 2979 ,

85 2978 269 3054 quietissima,
289 2992 342 3034 nec
362 2977 394 3032 in
415 2990 465 3032 cor
486 2975 609 3034 hominia
622 2979 750 3040 ascendit
764 2978 804 3053 ¹⁰),
827 2987 894 3058 quia
914 2997 981 3048 sunt
1000 2995 1111 3054 incom-

84 3062 292 3142 prehensibilia.
336 3059 470 3120 Gaudent
489 3060 594 3136 gaudio
615 3063 763 3142 ineffabili;
792 3070 904 3131 veloces
926 3085 992 3134 sunt
1013 3086 1042 3138 et
1063 3100 1111 3142 se·

86 3153 154 3212 curi.
181 3149 265 3209 Beati
276 3147 391 3207 suntilli
404 3149 452 3222 qui
472 3145 582 3228 illuc.¹¹)
606 3149 725 3212 ducante
739 3153 863 3216 Domino
880 3168 1060 3234 pervenerint
1072 3168 1112 3251 ¹²),

84 3239 136 3297 ubi
157 3237 249 3295 omnis
271 3235 405 3311 cogitatio
427 3236 562 3309 vincitur,
584 3243 612 3296 et
636 3246 738 3297 cuncta
766 3241 904 3306 desideria
931 3263 1112 3333 superantur,

84 3325 136 3384 ubi
155 3323 220 3382 talis
240 3321 359 3380 lelicitas
380 3323 516 3396 accipitur
538 3339 611 3396 quae
639 3324 717 3383 nulla
744 3333 940 3395 contrarietate
969 3340 1112 3412 perdatur.

84 3407 286 3471 NOVICIUS:
314 3407 411 3467 Miseri
432 3413 498 3466 sunt
519 3411 568 3483 qui
588 3408 626 3467 ad
646 3417 755 3472 tantam
775 3413 911 3479 laetitiam
932 3442 990 3483 non
1018 3433 1114 3506 auspi-t

103 3577 134 3644 1)
151 3575 269 3628 Proverb.
288 3576 313 3636 3,
333 3578 372 3629 16.
387 3605 418 3615 -
430 3576 462 3642 2)
480 3575 543 3628 Paul.
564 3575 622 3641 ll'l,
641 3579 749 3634 12-14.
770 3613 800 3623 -
820 3585 852 3652 3)
871 3597 920 3640 cst
938 3606 977 3642 om
996 3593 1069 3647 ΑΒΕ.
1082 3626 1112 3637 -

154 3647 186 3710 l)
203 3645 319 3707 isaias,
336 3648 360 3697 7.
381 3675 411 3685 -
431 3646 462 3712 5)
481 3645 522 3697 ΒΕ
540 3648 757 3714 explicata-
777 3653 808 3720 6)
828 3656 893 3710 EFP
912 3660 1057 3732 vel-7)
1071 3667 1114 3719 EF

154 3715 334 3848 aliti:
351 3713 994 3858 1ililtttttltatcilitanti:
1014 3762 1045 3842 ἰ
1067 3737 1114 3824 ¹9)
