2512 4254
333 291 389 354 un
411 288 594 354 comonu
617 251 786 353 cunum.
1030 293 1092 350 ιιι

65 414 119 474 eius
147 411 231 492 lapsa
257 413 361 476 cecidit
375 431 474 493 ,super
501 415 698 491 pavimentum
722 411 860 473 lateribus
880 417 1010 472 stratum.
1052 411 1094 474 Ut

64 507 151 562 annm
170 501 313 562 Dominus
335 519 366 563 se
387 501 549 562 ostenderet
560 501 717 562 Dominum
738 507 831 559 terroe
853 501 926 559 siout
948 506 977 558 et
997 502 1093 576 maris,

63 603 122 647 mor
141 595 175 648 ut
194 589 290 650 hostia
312 596 450 666 quantum
471 588 510 648 ad
531 589 657 665 speciem
677 585 783 646 modici
798 585 945 662 ponderis,
967 584 1092 662 lapidem

63 674 161 752 tetigit,
188 675 286 736 lateris
307 675 347 735 illi
368 675 471 736 duritia
493 678 593 749 cessit,
622 677 717 734 itaut
738 673 860 733 circulus
882 679 911 732 et
931 672 1041 734 litterae
1062 676 1092 732 in

61 759 102 819 ilo
132 769 318 840 apparerent,
350 761 591 838 quemadmodum
622 760 683 821 fieri
702 759 788 820 solet
821 777 887 819 oum
908 759 987 819 molli
1010 776 1092 820 cerae

62 846 177 923 sigillum
198 851 376 926 imprimitur.
419 847 559 909 Sacerdos
580 850 709 922 territuS,
737 864 805 906 mox
825 847 948 906 hostiam
969 845 1091 921 levavit,

62 937 87 993 ot
103 934 222 996 laterem
245 939 325 996 eruit.
366 933 402 995 In
423 952 481 1011 quo
504 953 570 995 cum
590 941 650 994 tam
671 937 732 1010 ipse
754 952 841 1010 quam
856 931 938 992 multi
959 932 1006 995 alii
1025 940 1092 992 tan·

61 1027 116 1080 bam
137 1024 307 1084 miraculum
327 1021 478 1098 vidissent,
507 1029 536 1082 et
557 1023 752 1097 expavissent,
781 1021 889 1080 consilii
909 1023 991 1096 inops
1003 1016 1021 1100 ¹)
1041 1037 1092 1080 sa-

61 1108 163 1185 cerdos,
183 1109 279 1170 locum
300 1117 360 1168 tam
380 1107 546 1169 milabiliter
566 1107 660 1167 hostia
680 1110 822 1184 signatum
845 1109 921 1184 rasit,
942 1107 1091 1183 pulverem

60 1211 162 1270 ponens
194 1200 267 1257 iuter
297 1196 438 1273 reliquias.
487 1195 563 1256 Huic
591 1195 729 1254 miraculo
757 1193 904 1254 Amoldus
932 1193 1091 1256 monachus

60 1289 150 1342 noster
181 1284 250 1344 dicit
277 1300 308 1344 se
335 1281 503 1342 interfuisse.
545 1281 586 1342 Ut
607 1284 692 1340 etiam
713 1281 855 1341 Dominus
878 1281 1041 1342 ostenderet
1061 1283 1090 1339 in
1113 1305 1120 1353 ¹,

26 1451 30 1457 ἐ
62 1385 121 1430 aera
141 1372 300 1448 potentiam
321 1387 414 1448 sum,
433 1369 492 1430 tale
513 1367 582 1445 quid
602 1367 664 1428 fieri
684 1369 823 1444 permisit.
1094 1368 1113 1396 ”

409 1577 641 1639 OAPITULUM
669 1577 740 1637 XV.

145 1705 195 1766 Dc
214 1705 314 1764 hostiis
333 1705 367 1761 in
387 1700 508 1760 Amodc
533 1700 705 1760 motum
725 1701 844 1758 bunnia
866 1701 1000 1758 moveas.

119 1841 155 1904 In
183 1842 251 1904 villa
279 1842 326 1903 cui
346 1839 464 1902 Aurode
472 1837 493 1922 ²)
522 1839 696 1920 vocabulum
726 1844 784 1914 est,
813 1836 947 1897 sacerdos
976 1836 1093 1913 quidam

65 1933 103 1988 est
121 1932 234 1991 nomine
251 1928 443 1990 Everhardus.
485 1927 542 1988 Hic
564 1933 630 1986 ante
652 1943 742 1986 annos
764 1941 873 2000 paucos
895 1924 932 1984 ad
956 1924 1093 1985 ecelesiae
1193 1937 1194 1940 ’

65 2013 183 2078 eiusdem
202 2018 387 2078 festivitatem
407 2014 516 2076 viciuos
537 2012 701 2074 sacerdotes
718 2014 896 2072 convocavit.
939 2011 1093 2095 Sollemni-

65 2105 187 2166 amotus
213 2107 255 2166 eis
284 2104 315 2164 in
343 2103 469 2180 vesperis
498 2103 573 2162 circa
601 2100 691 2160 altare
721 2105 749 2160 et
770 2100 989 2174 insanientibus,
1017 2116 1093 2158 unus

66 2201 97 2250 ex
122 2192 162 2252 eis
188 2190 313 2270 pixidem
342 2207 415 2266 qnae
437 2205 524 2265 super
544 2189 633 2248 altare
655 2204 721 2246 cum
743 2203 861 2263 corpore
882 2185 1000 2246 Domini
1019 2202 1105 2264 pen-1

66 2271 154 2354 debat,
175 2295 243 2339 casu
265 2279 374 2351 evertit,
395 2282 425 2337 et
446 2278 572 2352 quinque
594 2291 629 2334 ex
652 2291 687 2334 ea
707 2274 815 2334 hostias
838 2275 970 2333 excussit.
1007 2271 1094 2348 Quod

67 2360 111 2421 ubi
131 2371 328 2441 compererunt
344 2365 438 2438 ceteri,
458 2379 526 2422 mox
540 2378 648 2440 organa
669 2379 722 2420 sua
735 2359 951 2437 suspenderunt.
994 2358 1094 2435 Quae·

68 2453 185 2512 rantibus
214 2454 255 2512 eis
282 2449 391 2510 hostias
420 2456 449 2510 et
475 2467 534 2508 uon
561 2448 785 2522 invenientibus,
816 2446 923 2523 populo
953 2447 1043 2507 eiecto
1065 2453 1095 2506 et

68 2533 165 2599 loribus
193 2539 347 2613 obseratis,
379 2535 448 2596 d'um
476 2552 576 2596 omnes
604 2535 724 2612 angulos
752 2539 1011 2610 perscmtareutur,
1039 2549 1095 2592 neo

69 2631 264 2702 comparerent,
285 2641 360 2684 unus
382 2640 481 2684 eorum
503 2622 599 2682 divino
621 2629 694 2682 nutu
707 2622 847 2681 ambitum
869 2623 919 2696 qui
940 2627 1002 2679 erat
1019 2622 1094 2680 circa

68 2724 170 2773 murum
199 2710 343 2786 ascendit,
373 2711 424 2770 ubi
451 2709 568 2770 easdem
596 2710 706 2769 hostias
726 2712 756 2768 in
777 2707 895 2767 modum
918 2708 1009 2766 crucis
1033 2706 1094 2765 dis-

67 2796 196 2880 positas³)
227 2796 358 2859 attendit
406 2797 478 2858 Erat
510 2799 585 2856 enim
613 2796 689 2856 idem
718 2797 852 2856 circuitus
880 2793 974 2869 pixide
1003 2791 1095 2851 multo

66 2882 177 2968 duod).
222 2885 393 2961 Obsequens
414 2901 464 2946 aer
485 2901 537 2943 suo
559 2883 701 2958 Domino,
729 2899 832 2957 corpus
859 2883 920 2940 eius
942 2879 978 2939 de
998 2879 1095 2955 pixide

66 2966 168 3048 lapsum
197 2973 311 3049 excepit
337 2988 374 3030 ne
402 2987 487 3048 super
514 2977 620 3030 terram
646 2969 806 3043 laberetur3
840 2967 889 3026 ubi
918 2967 955 3026 ab
985 2965 1097 3043 angelis

67 3067 239 3138 susceptum,
267 3062 298 3118 in
325 3057 421 3120 locum
442 3057 522 3116 illum
543 3057 693 3124 sublimem
716 3056 896 3132 deportatum
917 3059 969 3114 est
1011 3053 1096 3114 Haeo

68 3145 128 3206 uini
148 3165 166 3208 a
186 3145 326 3206 Methildo
347 3148 484 3223 magistra
506 3143 541 3204 de
556 3143 712 3204 Fusiunioh
734 3142 824 3202 relata
845 3147 919 3202 sunt.
952 3140 1094 3218 Cognovit

69 3239 94 3292 et
111 3233 181 3311 ignis
201 3235 372 3296 sacramenti
393 3232 478 3292 huius
499 3233 642 3292 virtutem.

373 3493 787 3558 amem—›-

85 3805 111 3876 ¹)
127 3805 147 3861 0
163 3819 228 3858 ⁰⁰¹¹
250 3805 354 3874 ῖΰῦμ·
374 3833 404 3846 -
424 3799 460 3872 ²)
477 3802 542 3858 ADP
564 3799 740 3870 llaynrode.
759 3829 790 3842 -
811 3799 843 3867 3)
860 3797 882 3850 Β
906 3793 1096 3874 dissipatas.

129 3907 158 3922 -
178 3876 211 3946 l)
229 3873 248 3928 Ρ
265 3873 368 3945 pixidi
384 3873 484 3928 multo
502 3872 618 3942 altior,
634 3871 679 3924 Al)
696 3868 794 3924 multo
812 3867 913 3918 altior
929 3865 980 3931 pir

781 3937 836 4014 Βῆ
