<?xml version="1.0" encoding="UTF-8"?>
<!DOCTYPE html PUBLIC "-//W3C//DTD XHTML 1.0 Transitional//EN"
    "http://www.w3.org/TR/xhtml1/DTD/xhtml1-transitional.dtd">
<html xmlns="http://www.w3.org/1999/xhtml" xml:lang="en" lang="en">
 <head>
  <title>
</title>
<meta http-equiv="Content-Type" content="text/html;charset=utf-8" />
  <meta name='ocr-system' content='tesseract 3.04.00' />
  <meta name='ocr-capabilities' content='ocr_page ocr_carea ocr_par ocr_line ocrx_word'/>
</head>
<body>
  <div class='ocr_page' id='page_1' title='image "./caesariiheister02stragoog_0126.png"; bbox 0 0 2512 4254; ppageno 0'>
   <div class='ocr_carea' id='block_1_1' title="bbox 279 290 1063 356">
    <p class='ocr_par' dir='ltr' id='par_1_1' title="bbox 279 290 1063 356">
     <span class='ocr_line' id='line_1_1' title="bbox 279 290 1063 356; baseline -0.003 -2"><span class='ocrx_word' id='word_1_1' title='bbox 279 291 334 356; x_wconf 84' lang='lat' dir='ltr'><strong>DE</strong></span> <span class='ocrx_word' id='word_1_2' title='bbox 354 291 538 356; x_wconf 64' lang='lat' dir='ltr'><strong>Divinare</strong></span> <span class='ocrx_word' id='word_1_3' title='bbox 558 290 793 356; x_wconf 88' lang='lat' dir='ltr'><strong>VISIONIBUS.</strong></span> <span class='ocrx_word' id='word_1_4' title='bbox 1003 292 1063 352; x_wconf 76' lang='lat'><strong>115</strong></span> 
     </span>
    </p>
   </div>
   <div class='ocr_carea' id='block_1_2' title="bbox 314 481 754 566">
    <p class='ocr_par' dir='ltr' id='par_1_2' title="bbox 314 481 754 566">
     <span class='ocr_line' id='line_1_2' title="bbox 314 481 754 566; baseline 0 -20"><span class='ocrx_word' id='word_1_5' title='bbox 314 483 574 547; x_wconf 62' lang='lat' dir='ltr'><strong>xrnueuuuuuur</strong></span> <span class='ocrx_word' id='word_1_6' title='bbox 599 481 754 566; x_wconf 66' lang='lat' dir='ltr'><strong>xuuuu</strong></span> 
     </span>
    </p>
   </div>
   <div class='ocr_carea' id='block_1_3' title="bbox 12 605 1011 770">
    <p class='ocr_par' dir='ltr' id='par_1_3' title="bbox 12 605 1011 770">
     <span class='ocr_line' id='line_1_3' title="bbox 12 605 1011 684; baseline -0.002 -18"><span class='ocrx_word' id='word_1_7' title='bbox 12 637 13 642; x_wconf 42' lang='lat'>1</span> <span class='ocrx_word' id='word_1_8' title='bbox 95 605 137 666; x_wconf 82' lang='lat' dir='ltr'><strong>De</strong></span> <span class='ocrx_word' id='word_1_9' title='bbox 156 623 293 668; x_wconf 74' lang='lat' dir='ltr'><strong>bonomo</strong></span> <span class='ocrx_word' id='word_1_10' title='bbox 314 611 367 684; x_wconf 79' lang='lat' dir='ltr'><strong>qui</strong></span> <span class='ocrx_word' id='word_1_11' title='bbox 388 607 527 682; x_wconf 62' lang='lat' dir='ltr'><strong>annalem</strong></span> <span class='ocrx_word' id='word_1_12' title='bbox 553 607 726 683; x_wconf 77' lang='lat' dir='ltr'><strong>frequenter</strong></span> <span class='ocrx_word' id='word_1_13' title='bbox 747 605 820 666; x_wconf 79' lang='lat' dir='ltr'><strong>vidit</strong></span> <span class='ocrx_word' id='word_1_14' title='bbox 841 611 870 665; x_wconf 85' lang='lat' dir='ltr'><strong>et</strong></span> <span class='ocrx_word' id='word_1_15' title='bbox 891 605 1011 665; x_wconf 83' lang='lat' dir='ltr'><strong>dicendo</strong></span> 
     </span>
     <span class='ocr_line' id='line_1_4' title="bbox 401 693 696 770; baseline 0.003 -19"><span class='ocrx_word' id='word_1_16' title='bbox 401 697 531 770; x_wconf 69' lang='lat' dir='ltr'><strong>qratiam</strong></span> <span class='ocrx_word' id='word_1_17' title='bbox 560 693 696 768; x_wconf 75' lang='lat' dir='ltr'><strong><em>perdidit.</em></strong></span> 
     </span>
    </p>
   </div>
   <div class='ocr_carea' id='block_1_4' title="bbox 50 809 1082 2106">
    <p class='ocr_par' dir='ltr' id='par_1_4' title="bbox 50 809 1082 2106">
     <span class='ocr_line' id='line_1_5' title="bbox 106 809 1066 890; baseline 0 -18"><span class='ocrx_word' id='word_1_18' title='bbox 106 809 260 874; x_wconf 82' lang='lat' dir='ltr'><strong>Conversus</strong></span> <span class='ocrx_word' id='word_1_19' title='bbox 295 813 412 890; x_wconf 80' lang='lat' dir='ltr'><strong>quidam</strong></span> <span class='ocrx_word' id='word_1_20' title='bbox 447 812 483 874; x_wconf 87' lang='lat' dir='ltr'><strong>de</strong></span> <span class='ocrx_word' id='word_1_21' title='bbox 513 812 726 873; x_wconf 87' lang='lat' dir='ltr'><strong>Hcmmenrode</strong></span> <span class='ocrx_word' id='word_1_22' title='bbox 758 811 908 873; x_wconf 84' lang='lat' dir='ltr'><strong>cuiusdam</strong></span> <span class='ocrx_word' id='word_1_23' title='bbox 938 809 1066 872; x_wconf 83' lang='lat' dir='ltr'><strong>eiusdem</strong></span> 
     </span>
     <span class='ocr_line' id='line_1_6' title="bbox 50 895 1066 978; baseline 0.005 -23"><span class='ocrx_word' id='word_1_24' title='bbox 50 895 138 962; x_wconf 87' lang='lat' dir='ltr'><strong>domus</strong></span> <span class='ocrx_word' id='word_1_25' title='bbox 167 902 301 978; x_wconf 81' lang='lat' dir='ltr'><strong>grangiae</strong></span> <span class='ocrx_word' id='word_1_26' title='bbox 332 903 467 978; x_wconf 84' lang='lat' dir='ltr'><strong>magister</strong></span> <span class='ocrx_word' id='word_1_27' title='bbox 495 908 571 976; x_wconf 85' lang='lat' dir='ltr'><strong>crat,</strong></span> <span class='ocrx_word' id='word_1_28' title='bbox 603 903 647 960; x_wconf 85' lang='lat' dir='ltr'><strong>viu</strong></span> <span class='ocrx_word' id='word_1_29' title='bbox 674 901 769 960; x_wconf 90' lang='lat' dir='ltr'><strong>bouus</strong></span> <span class='ocrx_word' id='word_1_30' title='bbox 796 917 832 960; x_wconf 85' lang='lat' dir='ltr'><strong>ec</strong></span> <span class='ocrx_word' id='word_1_31' title='bbox 863 899 1066 976; x_wconf 83' lang='lat' dir='ltr'><strong>disciplinatus</strong></span> 
     </span>
     <span class='ocr_line' id='line_1_7' title="bbox 50 981 1067 1068; baseline 0.004 -26"><span class='ocrx_word' id='word_1_32' title='bbox 50 981 129 1048; x_wconf 84' lang='lat' dir='ltr'><strong>Juxta</strong></span> <span class='ocrx_word' id='word_1_33' title='bbox 153 985 229 1050; x_wconf 88' lang='lat' dir='ltr'><strong>bunc</strong></span> <span class='ocrx_word' id='word_1_34' title='bbox 257 1003 323 1048; x_wconf 85' lang='lat' dir='ltr'><strong>eum</strong></span> <span class='ocrx_word' id='word_1_35' title='bbox 351 989 451 1068; x_wconf 41' lang='lat' dir='ltr'><strong>exiret·</strong></span> <span class='ocrx_word' id='word_1_36' title='bbox 467 985 504 1047; x_wconf 87' lang='lat' dir='ltr'><strong>ad</strong></span> <span class='ocrx_word' id='word_1_37' title='bbox 533 1003 621 1063; x_wconf 85' lang='lat' dir='ltr'><strong>opera</strong></span> <span class='ocrx_word' id='word_1_38' title='bbox 651 1003 788 1047; x_wconf 88' lang='lat' dir='ltr'><strong>manuum</strong></span> <span class='ocrx_word' id='word_1_39' title='bbox 808 988 869 1048; x_wconf 86' lang='lat' dir='ltr'><strong>sive</strong></span> <span class='ocrx_word' id='word_1_40' title='bbox 890 986 929 1046; x_wconf 87' lang='lat' dir='ltr'><strong>ad</strong></span> <span class='ocrx_word' id='word_1_41' title='bbox 950 987 1067 1062; x_wconf 79' lang='lat' dir='ltr'><strong>negotia</strong></span> 
     </span>
     <span class='ocr_line' id='line_1_8' title="bbox 51 1065 1067 1154; baseline 0.003 -25"><span class='ocrx_word' id='word_1_42' title='bbox 51 1069 140 1132; x_wconf 87' lang='lat' dir='ltr'><strong>bornus</strong></span> <span class='ocrx_word' id='word_1_43' title='bbox 159 1091 237 1150; x_wconf 84' lang='lat' dir='ltr'><strong>suae,</strong></span> <span class='ocrx_word' id='word_1_44' title='bbox 257 1073 329 1135; x_wconf 86' lang='lat' dir='ltr'><strong>abus</strong></span> <span class='ocrx_word' id='word_1_45' title='bbox 350 1073 467 1151; x_wconf 88' lang='lat' dir='ltr'><strong>quidam</strong></span> <span class='ocrx_word' id='word_1_46' title='bbox 484 1074 605 1150; x_wconf 80' lang='lat' dir='ltr'>simplex</span> <span class='ocrx_word' id='word_1_47' title='bbox 626 1089 782 1134; x_wconf 88' lang='lat' dir='ltr'><strong>conversus</strong></span> <span class='ocrx_word' id='word_1_48' title='bbox 802 1065 937 1154; x_wconf 80' lang='lat' dir='ltr'><strong>angelum</strong></span> <span class='ocrx_word' id='word_1_49' title='bbox 949 1073 1067 1132; x_wconf 87' lang='lat' dir='ltr'><strong>Domini</strong></span> 
     </span>
     <span class='ocr_line' id='line_1_9' title="bbox 50 1158 1066 1237; baseline 0.002 -21"><span class='ocrx_word' id='word_1_50' title='bbox 50 1158 228 1220; x_wconf 72' lang='lat' dir='ltr'><strong>ambulantem</strong></span> <span class='ocrx_word' id='word_1_51' title='bbox 258 1159 418 1237; x_wconf 83' lang='lat' dir='ltr'><strong>frequenter</strong></span> <span class='ocrx_word' id='word_1_52' title='bbox 445 1159 525 1220; x_wconf 87' lang='lat' dir='ltr'><strong>vidit.</strong></span> <span class='ocrx_word' id='word_1_53' title='bbox 574 1158 659 1235; x_wconf 85' lang='lat' dir='ltr'><strong>Quod</strong></span> <span class='ocrx_word' id='word_1_54' title='bbox 688 1176 753 1220; x_wconf 90' lang='lat' dir='ltr'><strong>cum</strong></span> <span class='ocrx_word' id='word_1_55' title='bbox 781 1161 923 1220; x_wconf 83' lang='lat' dir='ltr'>retulisset</span> <span class='ocrx_word' id='word_1_56' title='bbox 951 1159 1066 1219; x_wconf 87' lang='lat' dir='ltr'><strong>domino</strong></span> 
     </span>
     <span class='ocr_line' id='line_1_10' title="bbox 51 1241 1067 1323; baseline 0.004 -21"><span class='ocrx_word' id='word_1_57' title='bbox 51 1241 200 1307; x_wconf 83' lang='lat' dir='ltr'><strong>Hermanno</strong></span> <span class='ocrx_word' id='word_1_58' title='bbox 215 1245 324 1306; x_wconf 81' lang='lat' dir='ltr'><strong>Abbati</strong></span> <span class='ocrx_word' id='word_1_59' title='bbox 345 1264 406 1322; x_wconf 91' lang='lat' dir='ltr'><strong>suo,</strong></span> <span class='ocrx_word' id='word_1_60' title='bbox 427 1247 558 1306; x_wconf 86' lang='lat' dir='ltr'><strong>referenti</strong></span> <span class='ocrx_word' id='word_1_61' title='bbox 579 1246 739 1323; x_wconf 88' lang='lat' dir='ltr'><strong>respoudit:</strong></span> <span class='ocrx_word' id='word_1_62' title='bbox 762 1245 838 1323; x_wconf 80' lang='lat' dir='ltr'><strong>Quia</strong></span> <span class='ocrx_word' id='word_1_63' title='bbox 858 1249 999 1307; x_wconf 78' lang='lat' dir='ltr'><strong>visionem</strong></span> <span class='ocrx_word' id='word_1_64' title='bbox 1018 1263 1067 1306; x_wconf 88' lang='lat' dir='ltr'><strong>re·</strong></span> 
     </span>
     <span class='ocr_line' id='line_1_11' title="bbox 51 1330 1068 1412; baseline 0.001 -22"><span class='ocrx_word' id='word_1_65' title='bbox 51 1330 298 1410; x_wconf 66' lang='lat' dir='ltr'><strong>nunnunquam</strong></span> <span class='ocrx_word' id='word_1_66' title='bbox 311 1334 445 1412; x_wconf 86' lang='lat' dir='ltr'><strong>angelum</strong></span> <span class='ocrx_word' id='word_1_67' title='bbox 467 1333 503 1394; x_wconf 84' lang='lat' dir='ltr'><strong>da</strong></span> <span class='ocrx_word' id='word_1_68' title='bbox 525 1340 619 1392; x_wconf 85' lang='lat' dir='ltr'><strong>cetero</strong></span> <span class='ocrx_word' id='word_1_69' title='bbox 640 1332 761 1393; x_wconf 83' lang='lat' dir='ltr'><strong>videbis.</strong></span> <span class='ocrx_word' id='word_1_70' title='bbox 793 1332 878 1410; x_wconf 84' lang='lat' dir='ltr'><strong>Quod</strong></span> <span class='ocrx_word' id='word_1_71' title='bbox 890 1337 941 1402; x_wconf 76' lang='lat' dir='ltr'><strong>ite</strong></span> <span class='ocrx_word' id='word_1_72' title='bbox 959 1333 1068 1394; x_wconf 85' lang='lat' dir='ltr'><strong>iactum</strong></span> 
     </span>
     <span class='ocr_line' id='line_1_12' title="bbox 52 1415 1067 1497; baseline 0.004 -21"><span class='ocrx_word' id='word_1_73' title='bbox 52 1423 97 1476; x_wconf 87' lang='lat' dir='ltr'><strong>cst</strong></span> <span class='ocrx_word' id='word_1_74' title='bbox 133 1417 331 1482; x_wconf 83' lang='lat' dir='ltr'>NOVICIUS:</span> <span class='ocrx_word' id='word_1_75' title='bbox 362 1421 429 1480; x_wconf 90' lang='lat' dir='ltr'><strong>Nou</strong></span> <span class='ocrx_word' id='word_1_76' title='bbox 449 1419 563 1480; x_wconf 88' lang='lat' dir='ltr'><strong>videtur</strong></span> <span class='ocrx_word' id='word_1_77' title='bbox 582 1420 653 1480; x_wconf 92' lang='lat' dir='ltr'><strong>mihi</strong></span> <span class='ocrx_word' id='word_1_78' title='bbox 672 1419 758 1481; x_wconf 84' lang='lat' dir='ltr'><strong>irater</strong></span> <span class='ocrx_word' id='word_1_79' title='bbox 777 1422 832 1480; x_wconf 88' lang='lat' dir='ltr'><strong>iste</strong></span> <span class='ocrx_word' id='word_1_80' title='bbox 854 1415 1067 1497; x_wconf 62' lang='lat' dir='ltr'><strong>deliquisses</strong></span> 
     </span>
     <span class='ocr_line' id='line_1_13' title="bbox 52 1503 1067 1584; baseline 0.002 -22"><span class='ocrx_word' id='word_1_81' title='bbox 52 1503 99 1562; x_wconf 87' lang='lat' dir='ltr'><strong>sibi</strong></span> <span class='ocrx_word' id='word_1_82' title='bbox 118 1503 245 1566; x_wconf 85' lang='lat' dir='ltr'><strong>diuinitus</strong></span> <span class='ocrx_word' id='word_1_83' title='bbox 265 1506 405 1584; x_wconf 83' lang='lat' dir='ltr'><strong>revelata,</strong></span> <span class='ocrx_word' id='word_1_84' title='bbox 426 1505 536 1567; x_wconf 85' lang='lat' dir='ltr'><strong>Abbati</strong></span> <span class='ocrx_word' id='word_1_85' title='bbox 556 1509 670 1584; x_wconf 80' lang='lat' dir='ltr'><strong>proprio</strong></span> <span class='ocrx_word' id='word_1_86' title='bbox 691 1506 891 1566; x_wconf 82' lang='lat' dir='ltr'><strong>manifestavit.</strong></span> <span class='ocrx_word' id='word_1_87' title='bbox 933 1503 1067 1567; x_wconf 84' lang='lat' dir='ltr'><strong>MONA-</strong></span> 
     </span>
     <span class='ocr_line' id='line_1_14' title="bbox 53 1589 1067 1670; baseline 0.001 -19"><span class='ocrx_word' id='word_1_88' title='bbox 53 1589 155 1652; x_wconf 79' lang='lat' dir='ltr'><strong>CHUS:</strong></span> <span class='ocrx_word' id='word_1_89' title='bbox 185 1592 260 1654; x_wconf 81' lang='lat' dir='ltr'><strong>Satis</strong></span> <span class='ocrx_word' id='word_1_90' title='bbox 292 1601 362 1670; x_wconf 88' lang='lat' dir='ltr'><strong>puto</strong></span> <span class='ocrx_word' id='word_1_91' title='bbox 394 1593 473 1670; x_wconf 86' lang='lat' dir='ltr'><strong>quod</strong></span> <span class='ocrx_word' id='word_1_92' title='bbox 498 1611 557 1652; x_wconf 90' lang='lat' dir='ltr'><strong>nou</strong></span> <span class='ocrx_word' id='word_1_93' title='bbox 584 1594 694 1670; x_wconf 85' lang='lat' dir='ltr'><strong>absque</strong></span> <span class='ocrx_word' id='word_1_94' title='bbox 723 1592 820 1668; x_wconf 83' lang='lat' dir='ltr'><strong>aliqua</strong></span> <span class='ocrx_word' id='word_1_95' title='bbox 841 1594 937 1654; x_wconf 83' lang='lat' dir='ltr'><strong>cordis·</strong></span> <span class='ocrx_word' id='word_1_96' title='bbox 956 1596 1067 1654; x_wconf 82' lang='lat' dir='ltr'><strong>iaetan-</strong></span> 
     </span>
     <span class='ocr_line' id='line_1_15' title="bbox 53 1678 1068 1758; baseline 0.006 -24"><span class='ocrx_word' id='word_1_97' title='bbox 53 1678 87 1736; x_wconf 86' lang='lat' dir='ltr'><strong>tia</strong></span> <span class='ocrx_word' id='word_1_98' title='bbox 118 1693 265 1740; x_wconf 82' lang='lat' dir='ltr'><strong>eonversus</strong></span> <span class='ocrx_word' id='word_1_99' title='bbox 300 1683 437 1740; x_wconf 82' lang='lat' dir='ltr'><strong>visionem</strong></span> <span class='ocrx_word' id='word_1_100' title='bbox 470 1679 591 1740; x_wconf 83' lang='lat' dir='ltr'><strong>eandem</strong></span> <span class='ocrx_word' id='word_1_101' title='bbox 621 1682 790 1740; x_wconf 80' lang='lat' dir='ltr'><strong>recitaverit</strong></span> <span class='ocrx_word' id='word_1_102' title='bbox 843 1680 881 1740; x_wconf 86' lang='lat' dir='ltr'><strong>Et</strong></span> <span class='ocrx_word' id='word_1_103' title='bbox 913 1682 983 1758; x_wconf 78' lang='lat' dir='ltr'><strong>quia</strong></span> <span class='ocrx_word' id='word_1_104' title='bbox 1012 1678 1068 1740; x_wconf 88' lang='lat' dir='ltr'><strong>hoe</strong></span> 
     </span>
     <span class='ocr_line' id='line_1_16' title="bbox 53 1761 1067 1848; baseline 0.004 -26"><span class='ocrx_word' id='word_1_105' title='bbox 53 1761 142 1826; x_wconf 83' lang='lat' dir='ltr'><strong>Abbas</strong></span> <span class='ocrx_word' id='word_1_106' title='bbox 155 1766 348 1844; x_wconf 74' lang='lat' dir='ltr'><strong>consideravit,</strong></span> <span class='ocrx_word' id='word_1_107' title='bbox 361 1767 439 1845; x_wconf 89' lang='lat' dir='ltr'><strong>quod</strong></span> <span class='ocrx_word' id='word_1_108' title='bbox 452 1767 576 1828; x_wconf 80' lang='lat' dir='ltr'><strong>futurum</strong></span> <span class='ocrx_word' id='word_1_109' title='bbox 589 1767 760 1828; x_wconf 87' lang='lat' dir='ltr'><strong>aestimabat</strong></span> <span class='ocrx_word' id='word_1_110' title='bbox 772 1763 788 1848; x_wconf 82' lang='lat'><strong>¹)</strong></span> <span class='ocrx_word' id='word_1_111' title='bbox 802 1767 951 1846; x_wconf 80' lang='lat' dir='ltr'><strong>praedixit.</strong></span> <span class='ocrx_word' id='word_1_112' title='bbox 970 1762 1067 1845; x_wconf 82' lang='lat' dir='ltr'><strong>Erat²)</strong></span> 
     </span>
     <span class='ocr_line' id='line_1_17' title="bbox 55 1851 1068 1930; baseline 0.004 -20"><span class='ocrx_word' id='word_1_113' title='bbox 55 1851 120 1910; x_wconf 87' lang='lat' dir='ltr'><strong>anim</strong></span> <span class='ocrx_word' id='word_1_114' title='bbox 137 1855 178 1914; x_wconf 79' lang='lat' dir='ltr'><strong>vir</strong></span> <span class='ocrx_word' id='word_1_115' title='bbox 196 1854 322 1930; x_wconf 85' lang='lat' dir='ltr'><strong>prudeus</strong></span> <span class='ocrx_word' id='word_1_116' title='bbox 348 1860 378 1914; x_wconf 88' lang='lat' dir='ltr'><strong>et</strong></span> <span class='ocrx_word' id='word_1_117' title='bbox 396 1855 536 1915; x_wconf 86' lang='lat' dir='ltr'><strong>litteratus</strong></span> <span class='ocrx_word' id='word_1_118' title='bbox 557 1861 624 1914; x_wconf 89' lang='lat' dir='ltr'><strong>ante</strong></span> <span class='ocrx_word' id='word_1_119' title='bbox 646 1855 877 1930; x_wconf 85' lang='lat' dir='ltr'><strong>couversionem,</strong></span> <span class='ocrx_word' id='word_1_120' title='bbox 905 1860 1068 1914; x_wconf 88' lang='lat' dir='ltr'><strong>sanctorum</strong></span> 
     </span>
     <span class='ocr_line' id='line_1_18' title="bbox 54 1933 1068 2017; baseline 0.005 -22"><span class='ocrx_word' id='word_1_121' title='bbox 54 1933 243 2013; x_wconf 79' lang='lat' dir='ltr'><strong>Apostolomm</strong></span> <span class='ocrx_word' id='word_1_122' title='bbox 267 1942 296 1999; x_wconf 91' lang='lat' dir='ltr'><strong>in</strong></span> <span class='ocrx_word' id='word_1_123' title='bbox 320 1939 438 2002; x_wconf 82' lang='lat' dir='ltr'><strong>Colonia</strong></span> <span class='ocrx_word' id='word_1_124' title='bbox 464 1941 609 2002; x_wconf 88' lang='lat' dir='ltr'><strong>Decauus.</strong></span> <span class='ocrx_word' id='word_1_125' title='bbox 650 1939 853 2002; x_wconf 85' lang='lat' dir='ltr'>NOVICIUS:</span> <span class='ocrx_word' id='word_1_126' title='bbox 883 1941 956 2000; x_wconf 83' lang='lat' dir='ltr'><strong>Cum</strong></span> <span class='ocrx_word' id='word_1_127' title='bbox 982 1939 1068 2017; x_wconf 89' lang='lat' dir='ltr'><strong>quili-</strong></span> 
     </span>
     <span class='ocr_line' id='line_1_19' title="bbox 56 2021 1082 2106; baseline 0.004 -24"><span class='ocrx_word' id='word_1_128' title='bbox 56 2021 99 2084; x_wconf 83' lang='lat' dir='ltr'><strong>bet</strong></span> <span class='ocrx_word' id='word_1_129' title='bbox 115 2024 195 2086; x_wconf 92' lang='lat' dir='ltr'><strong>homo</strong></span> <span class='ocrx_word' id='word_1_130' title='bbox 217 2026 289 2088; x_wconf 89' lang='lat' dir='ltr'><strong>duos</strong></span> <span class='ocrx_word' id='word_1_131' title='bbox 304 2027 411 2088; x_wconf 86' lang='lat' dir='ltr'><strong>babeat</strong></span> <span class='ocrx_word' id='word_1_132' title='bbox 424 2026 540 2106; x_wconf 86' lang='lat' dir='ltr'><strong>angelos</strong></span> <span class='ocrx_word' id='word_1_133' title='bbox 562 2035 594 2087; x_wconf 90' lang='lat' dir='ltr'><strong>ut</strong></span> <span class='ocrx_word' id='word_1_134' title='bbox 616 2027 686 2088; x_wconf 87' lang='lat' dir='ltr'><strong>dicis</strong></span> <span class='ocrx_word' id='word_1_135' title='bbox 707 2029 762 2088; x_wconf 91' lang='lat' dir='ltr'><strong>sibi</strong></span> <span class='ocrx_word' id='word_1_136' title='bbox 778 2027 938 2105; x_wconf 88' lang='lat' dir='ltr'><strong>deputatos,</strong></span> <span class='ocrx_word' id='word_1_137' title='bbox 958 2029 1082 2088; x_wconf 86' lang='lat' dir='ltr'><strong>bonum</strong></span> 
     </span>
    </p>
   </div>
   <div class='ocr_carea' id='block_1_5' title="bbox 55 2107 1069 2278">
    <p class='ocr_par' dir='ltr' id='par_1_5' title="bbox 55 2107 1069 2278">
     <span class='ocr_line' id='line_1_20' title="bbox 55 2107 1068 2192; baseline 0.007 -25"><span class='ocrx_word' id='word_1_138' title='bbox 55 2107 88 2168; x_wconf 88' lang='lat' dir='ltr'><strong>ad</strong></span> <span class='ocrx_word' id='word_1_139' title='bbox 105 2113 306 2191; x_wconf 82' lang='lat' dir='ltr'><strong>suggerendum</strong></span> <span class='ocrx_word' id='word_1_140' title='bbox 327 2117 447 2189; x_wconf 87' lang='lat' dir='ltr'><strong>bonum,</strong></span> <span class='ocrx_word' id='word_1_141' title='bbox 477 2121 506 2175; x_wconf 86' lang='lat' dir='ltr'><strong>et</strong></span> <span class='ocrx_word' id='word_1_142' title='bbox 526 2115 633 2183; x_wconf 88' lang='lat' dir='ltr'><strong>malum</strong></span> <span class='ocrx_word' id='word_1_143' title='bbox 654 2114 692 2174; x_wconf 87' lang='lat' dir='ltr'><strong>ad</strong></span> <span class='ocrx_word' id='word_1_144' title='bbox 714 2114 924 2192; x_wconf 82' lang='lat' dir='ltr'><strong>suggerendum</strong></span> <span class='ocrx_word' id='word_1_145' title='bbox 945 2114 1068 2189; x_wconf 87' lang='lat' dir='ltr'><strong>malum,</strong></span> 
     </span>
     <span class='ocr_line' id='line_1_21' title="bbox 56 2197 1069 2278; baseline 0.003 -22"><span class='ocrx_word' id='word_1_146' title='bbox 56 2197 115 2270; x_wconf 89' lang='lat' dir='ltr'><strong>quid</strong></span> <span class='ocrx_word' id='word_1_147' title='bbox 133 2207 174 2261; x_wconf 86' lang='lat' dir='ltr'><strong>est</strong></span> <span class='ocrx_word' id='word_1_148' title='bbox 193 2201 270 2278; x_wconf 89' lang='lat' dir='ltr'><strong>quod</strong></span> <span class='ocrx_word' id='word_1_149' title='bbox 291 2207 351 2261; x_wconf 86' lang='lat' dir='ltr'><strong>tam</strong></span> <span class='ocrx_word' id='word_1_150' title='bbox 371 2201 452 2262; x_wconf 81' lang='lat' dir='ltr'><strong>facile</strong></span> <span class='ocrx_word' id='word_1_151' title='bbox 473 2201 597 2262; x_wconf 92' lang='lat' dir='ltr'><strong>bominis</strong></span> <span class='ocrx_word' id='word_1_152' title='bbox 618 2200 751 2262; x_wconf 84' lang='lat' dir='ltr'><strong>voluutas</strong></span> <span class='ocrx_word' id='word_1_153' title='bbox 772 2201 876 2278; x_wconf 88' lang='lat' dir='ltr'><strong>angelo</strong></span> <span class='ocrx_word' id='word_1_154' title='bbox 899 2201 975 2261; x_wconf 88' lang='lat' dir='ltr'><strong>malo</strong></span> <span class='ocrx_word' id='word_1_155' title='bbox 998 2217 1069 2262; x_wconf 90' lang='lat' dir='ltr'><strong>cou-</strong></span> 
     </span>
    </p>
   </div>
   <div class='ocr_carea' id='block_1_6' title="bbox 55 2287 1077 2456">
    <p class='ocr_par' dir='ltr' id='par_1_6' title="bbox 55 2287 1077 2456">
     <span class='ocr_line' id='line_1_22' title="bbox 55 2287 1077 2364; baseline 0.004 -24"><span class='ocrx_word' id='word_1_156' title='bbox 55 2287 128 2346; x_wconf 85' lang='lat' dir='ltr'><strong>ucutit</strong></span> <span class='ocrx_word' id='word_1_157' title='bbox 152 2287 187 2348; x_wconf 88' lang='lat' dir='ltr'><strong>ad</strong></span> <span class='ocrx_word' id='word_1_158' title='bbox 216 2287 387 2364; x_wconf 75' lang='lat' dir='ltr'><strong>peccatum?</strong></span> <span class='ocrx_word' id='word_1_159' title='bbox 429 2289 518 2348; x_wconf 88' lang='lat' dir='ltr'><strong>Estne</strong></span> <span class='ocrx_word' id='word_1_160' title='bbox 547 2290 623 2348; x_wconf 91' lang='lat' dir='ltr'><strong>bono</strong></span> <span class='ocrx_word' id='word_1_161' title='bbox 651 2290 682 2348; x_wconf 91' lang='lat' dir='ltr'><strong>in</strong></span> <span class='ocrx_word' id='word_1_162' title='bbox 710 2288 835 2350; x_wconf 90' lang='lat' dir='ltr'><strong>consiliis</strong></span> <span class='ocrx_word' id='word_1_163' title='bbox 857 2287 1012 2364; x_wconf 84' lang='lat' dir='ltr'><strong>efficacior,</strong></span> <span class='ocrx_word' id='word_1_164' title='bbox 1040 2291 1077 2348; x_wconf 89' lang='lat' dir='ltr'><strong>et·</strong></span> 
     </span>
     <span class='ocr_line' id='line_1_23' title="bbox 56 2367 560 2456; baseline 0.012 -28"><span class='ocrx_word' id='word_1_165' title='bbox 56 2367 88 2428; x_wconf 84' lang='lat' dir='ltr'><strong>ad</strong></span> <span class='ocrx_word' id='word_1_166' title='bbox 105 2374 157 2434; x_wconf 84' lang='lat' dir='ltr'><strong>rim</strong></span> <span class='ocrx_word' id='word_1_167' title='bbox 175 2374 349 2438; x_wconf 78' lang='lat' dir='ltr'><strong>inferendam</strong></span> <span class='ocrx_word' id='word_1_168' title='bbox 370 2371 560 2456; x_wconf 53' lang='lat' dir='ltr'><strong>vomuerit</strong></span> 
     </span>
    </p>
   </div>
   <div class='ocr_carea' id='block_1_7' title="bbox 82 2566 1041 2766">
    <p class='ocr_par' dir='ltr' id='par_1_7' title="bbox 82 2566 1041 2766">
     <span class='ocr_line' id='line_1_24' title="bbox 364 2566 737 2630; baseline -0.003 -2"><span class='ocrx_word' id='word_1_169' title='bbox 364 2566 595 2630; x_wconf 81' lang='lat' dir='ltr'><strong>CAPITULUM</strong></span> <span class='ocrx_word' id='word_1_170' title='bbox 626 2567 737 2628; x_wconf 88' lang='lat' dir='ltr'>XLIV.</span> 
     </span>
     <span class='ocr_line' id='line_1_25' title="bbox 82 2683 1041 2766; baseline -0.004 -14"><span class='ocrx_word' id='word_1_171' title='bbox 82 2683 150 2760; x_wconf 78' lang='lat' dir='ltr'><strong>thirl</strong></span> <span class='ocrx_word' id='word_1_172' title='bbox 168 2695 303 2765; x_wconf 77' lang='lat' dir='ltr'><strong>operetur</strong></span> <span class='ocrx_word' id='word_1_173' title='bbox 323 2689 446 2766; x_wconf 60' lang='lat' dir='ltr'><strong>moetus</strong></span> <span class='ocrx_word' id='word_1_174' title='bbox 472 2689 567 2749; x_wconf 79' lang='lat' dir='ltr'><strong>bones</strong></span> <span class='ocrx_word' id='word_1_175' title='bbox 587 2691 647 2749; x_wconf 64' lang='lat' dir='ltr'><strong>ave</strong></span> <span class='ocrx_word' id='word_1_176' title='bbox 667 2690 765 2749; x_wconf 76' lang='lat' dir='ltr'><strong>melreo</strong></span> <span class='ocrx_word' id='word_1_177' title='bbox 786 2691 865 2749; x_wconf 67' lang='lat' dir='ltr'><strong>neca</strong></span> <span class='ocrx_word' id='word_1_178' title='bbox 886 2691 1041 2750; x_wconf 77' lang='lat' dir='ltr'><strong>beminen.</strong></span> 
     </span>
    </p>
   </div>
   <div class='ocr_carea' id='block_1_8' title="bbox 57 2815 1141 3512">
    <p class='ocr_par' dir='ltr' id='par_1_8' title="bbox 57 2815 1141 3512">
     <span class='ocr_line' id='line_1_26' title="bbox 109 2815 1070 2905; baseline 0.004 -23"><span class='ocrx_word' id='word_1_179' title='bbox 109 2815 333 2888; x_wconf 73' lang='lat' dir='ltr'>MONAOHUS:</span> <span class='ocrx_word' id='word_1_180' title='bbox 364 2827 446 2888; x_wconf 89' lang='lat' dir='ltr'><strong>Licet</strong></span> <span class='ocrx_word' id='word_1_181' title='bbox 474 2827 562 2888; x_wconf 91' lang='lat' dir='ltr'><strong>homo</strong></span> <span class='ocrx_word' id='word_1_182' title='bbox 591 2827 699 2890; x_wconf 86' lang='lat' dir='ltr'><strong>habeat</strong></span> <span class='ocrx_word' id='word_1_183' title='bbox 729 2826 864 2905; x_wconf 72' lang='lat' dir='ltr'><strong>argelum</strong></span> <span class='ocrx_word' id='word_1_184' title='bbox 895 2829 1003 2888; x_wconf 92' lang='lat' dir='ltr'><strong>bouum</strong></span> <span class='ocrx_word' id='word_1_185' title='bbox 1030 2821 1070 2886; x_wconf 83' lang='lat' dir='ltr'><strong>ad</strong></span> 
     </span>
     <span class='ocr_line' id='line_1_27' title="bbox 57 2910 1070 2992; baseline 0.002 -22"><span class='ocrx_word' id='word_1_186' title='bbox 57 2910 205 2988; x_wconf 71' lang='lat' dir='ltr'><strong>munem,</strong></span> <span class='ocrx_word' id='word_1_187' title='bbox 226 2921 256 2976; x_wconf 89' lang='lat' dir='ltr'><strong>at</strong></span> <span class='ocrx_word' id='word_1_188' title='bbox 275 2914 385 2974; x_wconf 83' lang='lat' dir='ltr'><strong>malum</strong></span> <span class='ocrx_word' id='word_1_189' title='bbox 396 2921 512 2992; x_wconf 83' lang='lat' dir='ltr'><strong>propter</strong></span> <span class='ocrx_word' id='word_1_190' title='bbox 534 2917 706 2990; x_wconf 78' lang='lat' dir='ltr'><strong>exercitium,</strong></span> <span class='ocrx_word' id='word_1_191' title='bbox 725 2920 828 2976; x_wconf 85' lang='lat' dir='ltr'><strong>neuter</strong></span> <span class='ocrx_word' id='word_1_192' title='bbox 841 2920 938 2976; x_wconf 87' lang='lat' dir='ltr'><strong>tamen</strong></span> <span class='ocrx_word' id='word_1_193' title='bbox 957 2912 1070 2972; x_wconf 88' lang='lat' dir='ltr'><strong>illorum</strong></span> 
     </span>
     <span class='ocr_line' id='line_1_28' title="bbox 57 2993 1069 3078; baseline 0.006 -27"><span class='ocrx_word' id='word_1_194' title='bbox 57 2993 177 3060; x_wconf 82' lang='lat' dir='ltr'><strong>voluntati</strong></span> <span class='ocrx_word' id='word_1_195' title='bbox 202 3000 347 3062; x_wconf 86' lang='lat' dir='ltr'><strong>humanae</strong></span> <span class='ocrx_word' id='word_1_196' title='bbox 367 3003 427 3063; x_wconf 84' lang='lat' dir='ltr'><strong>uim</strong></span> <span class='ocrx_word' id='word_1_197' title='bbox 446 3003 547 3065; x_wconf 83' lang='lat' dir='ltr'><strong>iasone</strong></span> <span class='ocrx_word' id='word_1_198' title='bbox 569 3001 660 3078; x_wconf 81' lang='lat' dir='ltr'><strong>ualet,</strong></span> <span class='ocrx_word' id='word_1_199' title='bbox 688 3007 722 3062; x_wconf 84' lang='lat' dir='ltr'><strong>ut</strong></span> <span class='ocrx_word' id='word_1_200' title='bbox 740 3007 856 3078; x_wconf 85' lang='lat' dir='ltr'><strong>propter</strong></span> <span class='ocrx_word' id='word_1_201' title='bbox 876 2999 950 3062; x_wconf 89' lang='lat' dir='ltr'><strong>illius</strong></span> <span class='ocrx_word' id='word_1_202' title='bbox 972 3000 1069 3060; x_wconf 84' lang='lat' dir='ltr'><strong>oonsi-</strong></span> 
     </span>
     <span class='ocr_line' id='line_1_29' title="bbox 57 3075 1070 3164; baseline 0.004 -22"><span class='ocrx_word' id='word_1_203' title='bbox 57 3075 113 3142; x_wconf 88' lang='lat' dir='ltr'><strong>liuu</strong></span> <span class='ocrx_word' id='word_1_204' title='bbox 131 3086 265 3149; x_wconf 84' lang='lat' dir='ltr'><strong>violenter</strong></span> <span class='ocrx_word' id='word_1_205' title='bbox 284 3088 433 3150; x_wconf 80' lang='lat' dir='ltr'><strong>inclinetur</strong></span> <span class='ocrx_word' id='word_1_206' title='bbox 454 3089 492 3150; x_wconf 86' lang='lat' dir='ltr'><strong>ad</strong></span> <span class='ocrx_word' id='word_1_207' title='bbox 513 3090 636 3164; x_wconf 86' lang='lat' dir='ltr'><strong>bouum,</strong></span> <span class='ocrx_word' id='word_1_208' title='bbox 657 3090 719 3156; x_wconf 79' lang='lat' dir='ltr'><strong>sive</strong></span> <span class='ocrx_word' id='word_1_209' title='bbox 740 3089 778 3148; x_wconf 93' lang='lat' dir='ltr'><strong>ub</strong></span> <span class='ocrx_word' id='word_1_210' title='bbox 800 3087 885 3146; x_wconf 84' lang='lat' dir='ltr'><strong>buius</strong></span> <span class='ocrx_word' id='word_1_211' title='bbox 905 3087 1070 3164; x_wconf 80' lang='lat' dir='ltr'><strong>suggestio·</strong></span> 
     </span>
     <span class='ocr_line' id='line_1_30' title="bbox 58 3173 1070 3236; baseline 0.007 -9"><span class='ocrx_word' id='word_1_212' title='bbox 58 3181 111 3227; x_wconf 83' lang='lat' dir='ltr'><strong>uem</strong></span> <span class='ocrx_word' id='word_1_213' title='bbox 135 3173 258 3234; x_wconf 86' lang='lat' dir='ltr'><strong>trabatur</strong></span> <span class='ocrx_word' id='word_1_214' title='bbox 279 3174 317 3234; x_wconf 88' lang='lat' dir='ltr'><strong>ad</strong></span> <span class='ocrx_word' id='word_1_215' title='bbox 342 3175 458 3234; x_wconf 91' lang='lat' dir='ltr'><strong>malum.</strong></span> <span class='ocrx_word' id='word_1_216' title='bbox 502 3175 628 3236; x_wconf 83' lang='lat' dir='ltr'><strong>Contulit</strong></span> <span class='ocrx_word' id='word_1_217' title='bbox 648 3175 729 3235; x_wconf 84' lang='lat' dir='ltr'><strong>Deus</strong></span> <span class='ocrx_word' id='word_1_218' title='bbox 750 3174 858 3234; x_wconf 90' lang='lat' dir='ltr'><strong>homiui</strong></span> <span class='ocrx_word' id='word_1_219' title='bbox 877 3174 999 3234; x_wconf 84' lang='lat' dir='ltr'><strong>liberum</strong></span> <span class='ocrx_word' id='word_1_220' title='bbox 1020 3190 1070 3234; x_wconf 83' lang='lat' dir='ltr'><strong>ar·</strong></span> 
     </span>
     <span class='ocr_line' id='line_1_31' title="bbox 58 3249 1109 3339; baseline 0.007 -25"><span class='ocrx_word' id='word_1_221' title='bbox 58 3249 162 3318; x_wconf 77' lang='lat' dir='ltr'><strong>binium,</strong></span> <span class='ocrx_word' id='word_1_222' title='bbox 201 3259 403 3322; x_wconf 82' lang='lat' dir='ltr'>NOVIGIUS:</span> <span class='ocrx_word' id='word_1_223' title='bbox 425 3261 501 3339; x_wconf 86' lang='lat' dir='ltr'><strong>Quid</strong></span> <span class='ocrx_word' id='word_1_224' title='bbox 523 3269 566 3322; x_wconf 86' lang='lat' dir='ltr'><strong>est</strong></span> <span class='ocrx_word' id='word_1_225' title='bbox 587 3262 709 3320; x_wconf 88' lang='lat' dir='ltr'><strong>liberum</strong></span> <span class='ocrx_word' id='word_1_226' title='bbox 724 3259 893 3321; x_wconf 75' lang='lat' dir='ltr'><strong>arbitrium?</strong></span> <span class='ocrx_word' id='word_1_227' title='bbox 935 3256 1070 3321; x_wconf 83' lang='lat' dir='ltr'>MONA-</span> <span class='ocrx_word' id='word_1_228' title='bbox 1107 3273 1109 3280; x_wconf 88' lang='lat'>&#39;</span> 
     </span>
     <span class='ocr_line' id='line_1_32' title="bbox 58 3336 1070 3425; baseline 0.004 -21"><span class='ocrx_word' id='word_1_229' title='bbox 58 3336 156 3404; x_wconf 77' lang='lat' dir='ltr'>CHUS:</span> <span class='ocrx_word' id='word_1_230' title='bbox 185 3347 319 3408; x_wconf 68' lang='lat' dir='ltr'><strong>incultas</strong></span> <span class='ocrx_word' id='word_1_231' title='bbox 347 3349 501 3410; x_wconf 83' lang='lat' dir='ltr'><strong>voluntatis</strong></span> <span class='ocrx_word' id='word_1_232' title='bbox 530 3351 559 3408; x_wconf 86' lang='lat' dir='ltr'><strong>et</strong></span> <span class='ocrx_word' id='word_1_233' title='bbox 585 3350 718 3424; x_wconf 73' lang='lat' dir='ltr'><strong>rebonis,</strong></span> <span class='ocrx_word' id='word_1_234' title='bbox 750 3365 808 3424; x_wconf 88' lang='lat' dir='ltr'><strong>qua</strong></span> <span class='ocrx_word' id='word_1_235' title='bbox 829 3348 941 3425; x_wconf 84' lang='lat' dir='ltr'><strong>eligitur</strong></span> <span class='ocrx_word' id='word_1_236' title='bbox 961 3349 1070 3408; x_wconf 90' lang='lat' dir='ltr'><strong>bonum</strong></span> 
     </span>
     <span class='ocr_line' id='line_1_33' title="bbox 57 3430 1141 3512; baseline 0.004 -22"><span class='ocrx_word' id='word_1_237' title='bbox 57 3430 185 3493; x_wconf 75' lang='lat' dir='ltr'><strong>amnuo</strong></span> <span class='ocrx_word' id='word_1_238' title='bbox 198 3438 299 3512; x_wconf 85' lang='lat' dir='ltr'><strong>gratia,</strong></span> <span class='ocrx_word' id='word_1_239' title='bbox 319 3435 428 3496; x_wconf 87' lang='lat' dir='ltr'><strong>malum</strong></span> <span class='ocrx_word' id='word_1_240' title='bbox 448 3453 518 3497; x_wconf 88' lang='lat' dir='ltr'><strong>vero</strong></span> <span class='ocrx_word' id='word_1_241' title='bbox 532 3435 686 3496; x_wconf 83' lang='lat' dir='ltr'><strong>desistente</strong></span> <span class='ocrx_word' id='word_1_242' title='bbox 698 3437 808 3512; x_wconf 79' lang='lat' dir='ltr'><strong>&#39;gratia</strong></span> <span class='ocrx_word' id='word_1_243' title='bbox 839 3434 982 3498; x_wconf 86' lang='lat' dir='ltr'><strong>Libemm</strong></span> <span class='ocrx_word' id='word_1_244' title='bbox 997 3433 1069 3495; x_wconf 85' lang='lat' dir='ltr'><strong>dici-</strong></span> <span class='ocrx_word' id='word_1_245' title='bbox 1134 3453 1141 3470; x_wconf 87' lang='lat'><strong>·</strong></span> 
     </span>
    </p>
   </div>
   <div class='ocr_carea' id='block_1_9' title="bbox 69 3579 1069 3935">
    <p class='ocr_par' dir='ltr' id='par_1_9' title="bbox 69 3579 1069 3920">
     <span class='ocr_line' id='line_1_34' title="bbox 69 3579 1068 3656; baseline 0.002 -20"><span class='ocrx_word' id='word_1_246' title='bbox 69 3579 96 3648; x_wconf 78' lang='lat'><strong>⁸)</strong></span> <span class='ocrx_word' id='word_1_247' title='bbox 109 3581 190 3638; x_wconf 79' lang='lat' dir='ltr'><strong>Hamil.</strong></span> <span class='ocrx_word' id='word_1_248' title='bbox 207 3585 248 3640; x_wconf 86' lang='lat' dir='ltr'><strong>ill.</strong></span> <span class='ocrx_word' id='word_1_249' title='bbox 266 3603 291 3656; x_wconf 82' lang='lat' dir='ltr'><strong>p.</strong></span> <span class='ocrx_word' id='word_1_250' title='bbox 311 3587 453 3654; x_wconf 68' lang='lat' dir='ltr'><strong>lea-1)</strong></span> <span class='ocrx_word' id='word_1_251' title='bbox 471 3587 492 3639; x_wconf 86' lang='lat' dir='ltr'><strong>D</strong></span> <span class='ocrx_word' id='word_1_252' title='bbox 510 3587 673 3656; x_wconf 76' lang='lat' dir='ltr'><strong>eret-2)</strong></span> <span class='ocrx_word' id='word_1_253' title='bbox 691 3586 712 3640; x_wconf 84' lang='lat' dir='ltr'><strong>b</strong></span> <span class='ocrx_word' id='word_1_254' title='bbox 729 3587 873 3654; x_wconf 75' lang='lat' dir='ltr'><strong>est—3)</strong></span> <span class='ocrx_word' id='word_1_255' title='bbox 888 3585 977 3640; x_wconf 89' lang='lat' dir='ltr'><strong>llomil.</strong></span> <span class='ocrx_word' id='word_1_256' title='bbox 995 3585 1025 3638; x_wconf 89' lang='lat' dir='ltr'><strong>ll.</strong></span> <span class='ocrx_word' id='word_1_257' title='bbox 1042 3601 1068 3652; x_wconf 84' lang='lat' dir='ltr'><strong>p.</strong></span> 
     </span>
     <span class='ocr_line' id='line_1_35' title="bbox 111 3653 1069 3731; baseline -0.002 -25"><span class='ocrx_word' id='word_1_258' title='bbox 111 3653 153 3731; x_wconf 68' lang='lat'><strong>62:</strong></span> <span class='ocrx_word' id='word_1_259' title='bbox 174 3654 418 3727; x_wconf 80' lang='lat' dir='ltr'><strong>„incomparabiliter</strong></span> <span class='ocrx_word' id='word_1_260' title='bbox 435 3657 524 3709; x_wconf 76' lang='lat' dir='ltr'><strong>fortior</strong></span> <span class='ocrx_word' id='word_1_261' title='bbox 541 3664 581 3709; x_wconf 87' lang='lat' dir='ltr'><strong>ast</strong></span> <span class='ocrx_word' id='word_1_262' title='bbox 597 3657 704 3724; x_wconf 83' lang='lat' dir='ltr'><strong>Spiritus</strong></span> <span class='ocrx_word' id='word_1_263' title='bbox 722 3667 823 3710; x_wconf 84' lang='lat' dir='ltr'><strong>sanctus</strong></span> <span class='ocrx_word' id='word_1_264' title='bbox 840 3658 930 3726; x_wconf 81' lang='lat' dir='ltr'><strong>spiritu</strong></span> <span class='ocrx_word' id='word_1_265' title='bbox 947 3653 1069 3722; x_wconf 75' lang='lat' dir='ltr'><strong>maligno,</strong></span> 
     </span>
     <span class='ocr_line' id='line_1_36' title="bbox 110 3725 1069 3806; baseline -0.005 -29"><span class='ocrx_word' id='word_1_266' title='bbox 110 3725 165 3791; x_wconf 75' lang='lat' dir='ltr'><strong>qui·</strong></span> <span class='ocrx_word' id='word_1_267' title='bbox 186 3739 241 3778; x_wconf 79' lang='lat' dir='ltr'><strong>enm</strong></span> <span class='ocrx_word' id='word_1_268' title='bbox 255 3725 302 3778; x_wconf 78' lang='lat' dir='ltr'><strong>illa</strong></span> <span class='ocrx_word' id='word_1_269' title='bbox 316 3725 440 3778; x_wconf 75' lang='lat' dir='ltr'><strong>hnmanae</strong></span> <span class='ocrx_word' id='word_1_270' title='bbox 457 3725 580 3780; x_wconf 84' lang='lat' dir='ltr'><strong>voluntati</strong></span> <span class='ocrx_word' id='word_1_271' title='bbox 596 3741 648 3778; x_wconf 86' lang='lat' dir='ltr'><strong>non</strong></span> <span class='ocrx_word' id='word_1_272' title='bbox 663 3729 745 3794; x_wconf 77' lang='lat' dir='ltr'><strong>possit</strong></span> <span class='ocrx_word' id='word_1_273' title='bbox 762 3728 855 3778; x_wconf 78' lang='lat' dir='ltr'><strong>inferre</strong></span> <span class='ocrx_word' id='word_1_274' title='bbox 872 3727 939 3786; x_wconf 81' lang='lat' dir='ltr'><strong>vnn,</strong></span> <span class='ocrx_word' id='word_1_275' title='bbox 951 3730 989 3806; x_wconf 33' lang='lat' dir='ltr'><strong>‘nt</strong></span> <span class='ocrx_word' id='word_1_276' title='bbox 1007 3737 1069 3790; x_wconf 61' lang='lat' dir='ltr'><strong>pen</strong></span> 
     </span>
     <span class='ocr_line' id='line_1_37' title="bbox 110 3795 1069 3920; baseline -0.007 -71"><span class='ocrx_word' id='word_1_277' title='bbox 110 3797 337 3920; x_wconf 44' lang='grc' dir='ltr'><strong>ζξῃιφιῑέἓ,</strong></span> <span class='ocrx_word' id='word_1_278' title='bbox 359 3798 417 3920; x_wconf 52' lang='grc' dir='ltr'><strong>ἰὶὲο,</strong></span> <span class='ocrx_word' id='word_1_279' title='bbox 439 3805 499 3866; x_wconf 76' lang='lat' dir='ltr'><strong>post</strong></span> <span class='ocrx_word' id='word_1_280' title='bbox 520 3811 669 3850; x_wconf 71' lang='lat' dir='ltr'><strong>muscarum</strong></span> <span class='ocrx_word' id='word_1_281' title='bbox 691 3797 767 3849; x_wconf 66' lang='lat' dir='ltr'><strong>aiam</strong></span> <span class='ocrx_word' id='word_1_282' title='bbox 789 3795 887 3864; x_wconf 72' lang='lat' dir='ltr'><strong>gratiam</strong></span> <span class='ocrx_word' id='word_1_283' title='bbox 904 3799 1069 3854; x_wconf 66' lang='lat' dir='ltr'><strong>mutuatam,</strong></span> 
     </span>
    </p>

    <p class='ocr_par' dir='ltr' id='par_1_10' title="bbox 231 3882 983 3935">
     <span class='ocr_line' id='line_1_38' title="bbox 231 3882 983 3935; baseline -0.004 -15"><span class='ocrx_word' id='word_1_284' title='bbox 231 3882 294 3935; x_wconf 83' lang='lat' dir='ltr'><strong>‚rus</strong></span> <span class='ocrx_word' id='word_1_285' title='bbox 332 3882 361 3920; x_wconf 87' lang='lat' dir='ltr'><strong>ca</strong></span> <span class='ocrx_word' id='word_1_286' title='bbox 980 3891 983 3896; x_wconf 95' lang='lat'>·</span> 
     </span>
    </p>
   </div>
   <div class='ocr_carea' id='block_1_10' title="bbox 0 0 1272 4254">
    <p class='ocr_par' dir='ltr' id='par_1_11' title="bbox 0 0 1272 4254">
     <span class='ocr_line' id='line_1_39' title="bbox 0 0 1272 4254; baseline 0 0"><span class='ocrx_word' id='word_1_287' title='bbox 0 0 1272 4254; x_wconf 95' lang='lat' dir='ltr'><strong> </strong></span> 
     </span>
    </p>
   </div>
  </div>
 </body>
</html>
