2506 4254
338 295 351 343 3
422 259 477 321 nn
494 259 728 322 ⁴surlesounrs.
1028 265 1088 322 aas

69 378 190 456 spondit,
220 382 289 458 quia
308 383 398 442 virtus
419 383 486 442 fidei
503 383 569 444 ‘iam
589 384 669 443 illum
691 383 790 445 clausa
810 383 924 444 fornace
946 361 1091 445 eduxerat.

70 464 113 530 Da
130 485 181 544 spe
198 469 228 528 in
249 470 442 545 superloribns
464 471 555 530 multa
576 463 652 532 diota
673 477 755 546 sunt3
786 473 920 532 virtutem
948 487 1018 532 vero
1039 489 1091 532 ca-

71 554 151 614 ritatis
170 558 317 632 sequentia
338 556 533 618 declarabunt

408 745 640 808 CAPITULUM
656 746 740 809 VIII.

113 867 158 926 De
177 866 291 928 Abbnte
312 872 364 946 qui
384 872 415 929 in
437 873 560 929 caritate
582 889 601 928 a
626 871 772 930 monacho
793 888 848 930 suo
871 871 1040 930 admonebas

445 975 548 1015 casses
576 958 707 1016 comedit.

125 1073 352 1152 Abbasqnidam
366 1075 471 1137 ordinis
492 1079 581 1137 nostri
602 1078 744 1142 monacho
766 1096 818 1138 suo
840 1079 953 1138 infirmo
965 1074 982 1158 ¹)
1004 1095 1090 1154 prae-

70 1159 163 1244 cepit²)
192 1179 291 1224 omues
318 1165 499 1225 manducare.
541 1163 593 1225 Ille
621 1183 689 1225 mox
718 1166 853 1226 obediens
880 1165 948 1226 licet
972 1167 1091 1239 invitus,

69 1243 169 1308 Abbati
188 1251 334 1328 respondit
356 1250 466 1311 dicens:
487 1251 526 1310 Et
547 1267 601 1328 ego
623 1268 675 1311 ros
697 1254 817 1328 rogoin
839 1255 955 1312 cariata
977 1252 1091 1326 eadem,

69 1339 98 1392 nt
132 1353 242 1396 mecum
279 1327 342 1396 illas
378 1337 542 1398 comedatis.
596 1337 653 1414 Qui
688 1341 784 1398 stetim
819 1339 982 1414 deprecanti
1020 1353 1091 1398 con-

68 1423 182 1482 sentiens
212 1423 331 1500 resedit3
364 1424 527 1484 morsellum
560 1424 596 1484 de
627 1425 747 1486 scutella
778 1426 911 1486 monachi
922 1423 942 1506 ³)
971 1425 1092 1486 tulit-et
1134 1499 1139 1506 ¹

70 1508 191 1568 comedit
232 1511 369 1587 Sequenti
383 1511 429 1572 die
442 1515 466 1571 si
482 1512 555 1571 bena
576 1515 692 1571 memini
713 1515 741 1570 in
763 1512 911 1572 ecclesiam
933 1513 983 1572 ubi
1003 1512 1090 1572 homo

69 1595 175 1669 quddam
203 1597 393 1658 a’daemonio
412 1599 571 1658 vexabatur
598 1597 721 1658 devenit.
763 1597 893 1676 Rogatus
922 1591 1091 1658 a'circum-

69 1683 199 1743 amnibus
227 1690 260 1743 ut
288 1684 456 1746 daemonem
478 1683 637 1760 adiutaret,
664 1681 722 1765 ιιι)
744 1684 817 1744 haec
838 1687 928 1744 verba
948 1687 1090 1761 prorupit:

68 1763 170 1829 Adiuro
210 1775 238 1831 te
277 1771 423 1831 immunde
459 1774 573 1848 spiritus
608 1774 638 1830 in
666 1769 731 1852 ea⁵)
765 1775 882 1832 caritate
916 1790 974 1848 qua
1000 1765 1090 1848 pridie

68 1861 175 1931 propter
200 1857 374 1918 monachum
401 1875 498 1918 meum
527 1875 628 1918 carues
657 1859 782 1933 comedi,
814 1865 846 1917 ut
867 1877 953 1918 exeas
975 1861 1012 1918 ab
1034 1859 1090 1919 hoc

68 1937 183 2002 homine.
225 1943 283 2021 Qui
311 1961 378 2004 mox
407 1945 443 2004 ad
472 1945 548 2004 idern
574 1946 695 2004 verbum
724 1940 819 2024 exiit⁶)
850 1952 878 2004 et
897 1947 984 2024 fugit,
1010 1964 1045 2006 ac
1067 1949 1091 2005 si

69 2030 183 2089 mritatis
201 2031 363 2091 incendium
381 2033 496 2096 sufferre
517 2050 576 2091 non
595 2039 703 2108 posset.
735 2033 881 2108 Quantum
902 2033 967 2094 Deo
989 2035 1091 2094 cantas

68 2113 180 2194 placeat,
200 2135 236 2178 ex
256 2120 327 2178 vitio
348 2119 556 2181 inobedientiae
577 2118 689 2212 plenius
711 2119 877 2179 ostenditur.

413 2289 646 2354 CAPITULUM
676 2293 732 2354 IX.

93 2411 138 2472 De
156 2415 300 2475 monacho
322 2417 374 2492 qui
395 2434 514 2474 carnem
533 2415 677 2492 foetidam
698 2420 792 2492 coepit
813 2416 968 2490 comedere,
991 2434 1058 2476 cunr

66 2565 69 2573 ,
187 2501 300 2562 Abbati
320 2519 376 2561 suo
399 2502 516 2562 obedite
536 2503 627 2564 nollet
649 2501 691 2562 cd
710 2521 791 2563 esum
818 2506 963 2566 carnium.

123 2619 203 2682 Atos
232 2620 349 2698 qnidam
370 2621 474 2684 Abbas
503 2641 568 2684 cum
594 2623 714 2684 haberet
738 2623 912 2684 monachum
933 2623 1091 2682 infirmum,

66 2709 94 2763 ut
114 2706 150 2768 ad
166 2712 410 2786 recuperationem
431 2714 534 2768 virium
556 2728 655 2771 comas
678 2711 841 2772 comederet
859 2713 1018 2786 praecepit3
1041 2708 1092 2768 sed

66 2789 108 2852 ille
136 2798 265 2870 pertinax
292 2799 391 2873 nimis,
426 2800 612 2874 praecipienti
638 2816 696 2860 nou
719 2799 877 2874 acquievit.
926 2795 967 2856 Ut
995 2802 1092 2855 autem

65 2875 225 2964 Dominus')
248 2883 411 2944 ostenderet
430 2885 576 2946 meliorem
599 2901 661 2944 essa
684 2885 885 2966 obedientiam,
910 2901 996 2958 quam
1017 2881 1091 2942 atul-

65 2969 149 3026 torum
160 2971 291 3030 victimas
298 2965 330 3051 ⁸),
350 2971 517 3031 inobediens
544 2971 702 3032 monachus
721 2988 789 3044 mox
813 2973 841 3029 in
863 2969 972 3030 rabiem
993 2986 1093 3030 versus

65 3051 90 3110 In
116 3071 212 3132 agrum
242 3059 379 3133 cucurrit,
407 3059 457 3117 ubi
476 3057 580 3118 'canem
600 3064 745 3116 mortuum
766 3056 911 3118 offendens
921 3052 958 3136 9),
991 3074 1092 3118 carnes

66 3139 118 3198 eins
144 3142 282 3204 foetentes
309 3144 472 3204 antdissime
502 3145 652 3206 comedere
682 3147 784 3220 coepit
826 3144 864 3202 Et
888 3146 956 3219 quia
977 3145 1006 3204 in
1028 3162 1092 3205 car-

65 3225 140 3290 nibus
160 3232 304 3306 peccavit,
337 3233 367 3290 in
395 3232 527 3292 cautibus
548 3233 664 3308 punitus
686 3237 738 3290 est
781 3230 857 3307 Quid
878 3237 979 3306 postea
1000 3229 1036 3291 dc
1057 3249 1091 3292 eo

66 3319 151 3375 aetum
172 3318 209 3376 sit
228 3319 337 3394 ignoro.
372 3317 455 3378 Haec
485 3317 542 3378 dno
564 3317 701 3378 miracula
721 3317 791 3376 mihi
812 3321 938 3377 narravit
958 3319 1092 3396 magistet

65 3395 202 3464 Iohannes
222 3404 359 3465 Decanus
379 3403 534 3480 Aquensis
560 3421 691 3464 asserens
714 3405 768 3464 sibi
788 3403 838 3466 illa
858 3408 997 3465 veraciter
1017 3406 1091 3465 reci-

65 3489 126 3547 tnta
165 3489 294 3550 Aodimt
306 3490 379 3552 haec
393 3488 423 3572 ¹⁰)
446 3490 579 3551 monachi
597 3498 626 3552 et
640 3489 783 3568 obediant,
805 3510 898 3568 neque
913 3491 1089 3552 inconditam

82 3623 109 3694 1)
124 3623 250 3678 infirmo
268 3641 308 3678 om
327 3625 356 3678 G.
376 3654 407 3666 ·-
426 3625 458 3690 2)
476 3625 519 3678 ou
537 3624 587 3677 add
609 3627 641 3677 in
668 3628 820 3679 caritate.
841 3655 870 3668 —
891 3627 922 3693 3)
940 3625 1090 3676 monachi

124 3707 164 3746 om
188 3693 263 3748 not.
292 3723 323 3739 -ψ
345 3695 384 3762 ,4)
412 3695 479 3748 ΑΒΕ
503 3705 537 3748 nt
567 3711 634 3748 eum
664 3695 849 3758 adiutaret,
878 3695 983 3756 Abbas
1012 3708 1088 3746 vero

67 3793 71 3802 ·
125 3764 212 3816 iu.-
231 3764 264 3832 5)
282 3763 322 3816 ci>
347 3764 415 3817 bae.
434 3793 465 3806 -
485 3765 517 3830 6)
534 3763 574 3818 ΒΡ
597 3764 713 3817 exirit.
732 3793 763 3808 -
784 3765 815 3831 7)
832 3764 872 3816 ΒΡ
894 3764 986 3816 Bous.
1005 3791 1037 3801 -—
1056 3763 1089 3830 8)

125 3831 219 3886 noces
237 3833 263 3900 4,
282 3834 323 3887 17.
342 3863 372 3874 -
393 3833 707 3904 mastrucarum.
727 3864 758 3875 -
778 3832 949 3901 10)οὴοα
