2608 4252
402 283 456 344 DE
478 281 635 344 sancta
651 281 793 344 Mania

413 471 645 535 CAPITULUM
668 472 779 534 XLVI.

268 595 318 654 De
338 598 467 671 unumne
492 603 614 655 sanotae
634 595 752 654 Mariua
772 598 805 653 iro
832 593 925 652 Yeaeo.

150 714 181 774 ln
199 717 316 776 introitu
340 717 448 776 Frisiae
476 717 557 776 iuxta
591 718 733 776 civitatem
759 713 925 792 Gruningen
945 713 1116 774 coenobium

99 801 228 878 quoddam
248 803 507 864 sanctimonialium
529 803 632 863 ordinis
652 805 741 862 nostri
768 803 803 862 dc
824 819 901 862 novo
923 807 1116 861 constructum

98 895 145 964 est,
170 890 310 952 vocabulo
339 891 430 951 Yesse
447 887 473 970 ¹).
516 890 598 967 Quae
626 891 752 949 dicturus
781 907 861 964 sum,
889 905 908 948 a
935 889 1033 948 Priore
1060 888 1116 948 loci

98 975 208 1036 eiusdem
229 977 343 1052 audivi,
376 983 405 1038 et
426 980 501 1037 circa
520 978 597 1036 idem
618 983 732 1053 tempus
751 978 906 1054 imaginem
926 978 1019 1052 ipsam
1041 973 1116 1049 vidi,

98 1067 120 1122 et
137 1065 246 1124 missam
268 1081 365 1124 eoram
385 1063 433 1123 illa
447 1063 598 1123 celebravi.
640 1064 694 1123 Est
715 1065 790 1122 enim
811 1080 896 1140 opere
911 1062 1040 1142 angelico
1063 1060 1116 1120 de-

97 1155 180 1210 center
200 1152 356 1227 exsculpta,
378 1151 500 1227 effigiem
521 1157 737 1228 repraesentans
758 1151 862 1210 beatae
879 1151 1005 1226 Virginis
1026 1147 1116 1208 filium

96 1237 237 1312 ingramio
258 1240 389 1297 tenentis.
431 1238 487 1296 Die
510 1237 634 1313 quadam
656 1255 721 1296 oum
743 1243 840 1296 eustos
862 1236 1011 1296 candelam
1041 1252 1116 1312 quae

95 1329 152 1382 ante
169 1323 245 1384 illam
265 1324 394 1401 ardebat,
416 1324 491 1384 dicta
513 1327 600 1383 missa
621 1325 793 1399 extinxisset,
815 1330 844 1383 et
865 1323 922 1384 duo
948 1323 1116 1398 carpentarii
1178 1349 1186 1368 =

96 1413 234 1470 oratorium
247 1418 363 1488 propter
384 1429 456 1487 opus
479 1429 563 1470 suum
576 1414 722 1486 intrantes,
742 1410 821 1470 illam
835 1427 1017 1470 reaccensam
1030 1427 1115 1486 repe-

95 1496 196 1574 rissent,
216 1497 347 1558 dixerunt
366 1498 470 1557 Priori:
504 1497 643 1573 Domine,
664 1499 718 1557 nisi
739 1500 880 1557 moneatis
901 1497 1062 1578 custodem,
1084 1501 1116 1554 ut

96 1589 170 1642 muta
188 1587 223 1644 sit
243 1587 319 1644 cirea
340 1587 539 1644 extinctionem
560 1585 646 1644 huius
668 1584 812 1658 candelae,
835 1586 989 1644 oratorium
1010 1581 1115 1659 perde—

96 1669 133 1726 tis.
172 1669 272 1731 Omnia
299 1673 374 1733 enim
402 1671 496 1748 lignea
516 1678 598 1745 sunt,
625 1657 868 1746 altare'soilicet,
897 1669 1115 1744 candelabrum,

95 1754 244 1840 parietes2).
285 1758 400 1818 Vocata
428 1764 472 1817 est
492 1757 555 1834 illa,
576 1764 606 1817 et
627 1757 757 1834 culpata3
779 1759 910 1836 negavit,
938 1764 967 1818 et
988 1757 1115 1817 extinxit

97 1840 257 1920 carpentarii
278 1844 371 1904 denuo
393 1847 527 1922 ingressi,
550 1862 615 1904 eum
635 1845 811 1920 praedictam
834 1843 982 1904 candelam
1003 1861 1116 1904 rursum

95 1927 182 1990 ardue
202 1928 371 2013 viderent³),
393 1937 422 1991 et
442 1949 510 1990 mox
530 1932 585 1991 hoo
597 1933 688 1990 Priori
707 1929 908 2008 prodidissent,
927 1933 1024 2005 iratus,
1046 1929 1115 1990 dure

95 2017 154 2076 ntis
168 2017 296 2078 invectus
310 2025 353 2078 est
373 2021 403 2077 in
422 2017 509 2078 illam.
553 2017 609 2096 Qui
631 2025 725 2078 certus
740 2020 857 2078 effectus
880 2035 916 2078 cx
937 2019 1032 2078 verbis
1054 2019 1115 2078 eius

97 2099 126 2160 de
140 2107 311 2181 extinctione,
331 2107 412 2166 iussit
433 2123 469 2164 ne
484 2104 617 2182 deinceps
632 2109 809 2182 extingueret
822 2105 908 2181 illam,
929 2107 1001 2164 scire
1015 2103 1115 2164 volens

96 2189 224 2264 quidhoc
244 2192 434 2272 portenderet
477 2191 552 2252 Tota
572 2192 621 2250 illa
642 2193 688 2252 die
710 2199 739 2252 et
760 2196 891 2268 sequenti
911 2197 996 2252 nocte
1018 2206 1115 2250 coram

95 2275 202 2354 tregue
221 2278 369 2356 praedicta
390 2278 510 2340 ardebat
531 2279 659 2354 candela,
686 2281 764 2338 etin
786 2297 870 2339 mane
892 2281 940 2337 vix
961 2277 1000 2338 ad
1020 2277 1115 2354 longi·

95 2361 207 2426 tudinem
228 2365 334 2426 dimidii
355 2365 465 2427 articuli
486 2384 588 2425 manus
615 2367 708 2426 iuerat
729 2374 906 2443 consumpta.
948 2365 984 2424 In
1004 2365 1115 2424 festivi·

95 2453 144 2510 tato
163 2452 236 2513 beati
255 2451 390 2513 Andreae
411 2452 557 2530 Apostoli,
586 2471 652 2512 cum
680 2471 754 2512 unus
781 2470 817 2512 ex
837 2451 972 2530 praelatis
994 2469 1115 2528 carpen-

95 2538 174 2614 tariis,
203 2543 247 2600 vir
278 2540 399 2618 simplex
429 2558 465 2600 ae
498 2539 633 2615 devotus,
666 2540 752 2599 modo
784 2542 813 2598 in
846 2539 947 2600 eodem
976 2539 1115 2600 coenobio

94 2637 247 2703 moremus,
268 2626 308 2686 ad
328 2630 444 2687 missam
455 2623 477 2706 ⁴)
499 2633 602 2703 staret,
627 2631 656 2686 ei
677 2626 809 2686 sacerdos
830 2625 1022 2703 Evangelium
1042 2627 1115 2684 inei·

94 2707 185 2788 peret,'
205 2715 301 2791 imago
323 2713 479 2774 salvatoris
506 2715 569 2789 ipso
590 2716 717 2774 intuente
740 2714 775 2774 de
797 2715 862 2774 sinu
883 2715 982 2773 matris
1006 2714 1035 2769 in
1057 2705 1115 2788 quo

94 2795 259 2876 audabatas
281 2803 400 2880 erigens,
422 2817 558 2861 coronam
579 2800 722 2877 decapite
744 2805 804 2862 eius
826 2800 898 2876 tulit,
919 2815 1040 2873 eamque
1062 2815 1115 2860 suc

95 2887 168 2960 capiti
186 2886 327 2964 imposuit
369 2886 455 2947 Dicto
477 2904 545 2948 vero
566 2887 742 2966 Evangelio,
775 2906 841 2948 eum
869 2892 988 2947 ventum
1015 2885 1116 2949 luisset

94 2969 125 3028 ad
143 2971 217 3032 illum
237 2973 333 3034 locum
354 2973 491 3051 symboli:
520 2974 561 3034 Et
582 2975 670 3034 horno
685 2970 790 3050 'factos
812 2981 867 3046 eet,
893 2989 1029 3033 coronam
1050 2990 1115 3033 ma-

94 3063 163 3118 terno
190 3063 274 3136 capiti
301 3063 436 3136 restituit,
466 3067 495 3119 et
521 3061 634 3122 resedit
683 3057 795 3140 Haee⁸)
827 3077 892 3120 eum
920 3058 1041 3135 simplex
1068 3061 1116 3120 ille

94 3139 168 3204 horno
181 3147 306 3222 uidisset,
327 3154 356 3207 et
379 3147 414 3206 de
435 3149 563 3207 novitate
581 3149 697 3208 visionis
720 3150 890 3223 expavisset,
912 3149 953 3206 ait
972 3149 1047 3206 intra
1069 3163 1115 3206 se:

94 3225 185 3290 Melius
205 3240 248 3294 est
268 3240 301 3292 ut
322 3240 437 3310 taceas3
459 3236 484 3293 si
502 3233 614 3309 dixeris,
635 3251 693 3292 non
708 3234 830 3294 creditur
851 3230 942 3313 doio).
985 3234 1116 3310 Cumque

94 3317 201 3378 inlesto
223 3321 315 3380 sancti
335 3320 476 3398 Nycholai
504 3321 625 3380 eandem
652 3322 792 3380 visionem
821 3319 922 3381 eodem
948 3320 1115 3396 modoque

93 3405 160 3478 prius
180 3406 311 3483 uidisset,
340 3407 465 3466 divinam
486 3411 589 3468 timens
610 3409 748 3468 offensam
769 3410 911 3470 incurrere
948 3411 973 3468 si
994 3413 1115 3480 taceret,

94 3485 171 3552 Priori
190 3495 251 3554 visa
269 3512 322 3582 per
344 3493 471 3554 ordinem
492 3496 631 3554 recitauit.
675 3495 712 3558 Et
732 3497 800 3572 quia
820 3495 915 3556 locum
937 3494 1115 3571 repositionis

110 3639 438 3709 theopolitanorum,
455 3645 633 3714 vulgatiores,
650 3662 704 3708 nou¹
719 3645 806 3714 procul
824 3645 855 3696 ab
873 3643 968 3711 oppido
980 3643 1115 3710 Groninga,

153 3715 216 3768 droa
232 3730 324 3770 annum
343 3715 410 3770 1216
428 3715 567 3769 insolutum
585 3716 641 3768 luit.
653 3746 685 3758 -
702 3716 734 3782 2)
752 3716 794 3770 Cl)
811 3723 843 3766 ot
860 3715 1012 3780 parietes.
1032 3739 1062 3753 -
1082 3710 1114 3777 3)

153 3782 172 3838 ll
189 3793 377 3848 cernerent,
394 3785 414 3838 li
433 3785 600 3840 uidissent.
614 3815 646 3824 -
658 3786 692 3854 4)
710 3785 776 3842 anu,
790 3785 910 3836 missas.
925 3810 954 3820 -
968 3778 1031 3849 5)ss
1048 3777 1114 3830 lroc.

156 3881 183 3894 -·
201 3855 233 3925 d)
249 3855 271 3908 ll
289 3853 396 3908 nullus
413 3854 528 3910 credet
545 3853 616 3910 riht
