2524 4252
179 217 242 348 aee
458 247 685 312 ursumuuro
706 247 918 313 uunuunm
1019 241 1024 258 ·

178 371 228 432 iiia
258 369 330 432 hora
349 376 441 432 terrm
462 373 554 432 omnis
576 371 735 434 diabolicus
757 375 889 434 cessavit
930 371 976 430 Ex
995 370 1040 431 his
1069 369 1187 446 exemqis
1230 397 1231 422 r

178 459 248 518 satis
269 456 411 536 colligitur
431 458 510 534 quod
530 459 688 520 seeundum
709 460 876 535 quaiitatem
898 458 1000 536 eulpae
1023 459 1103 518 etiam
1120 456 1188 516 Deus

178 543 281 605 formet
301 544 468 620 qualitatem
488 562 609 622 poenae.
651 545 730 605 Audi
750 563 827 606 nune
847 545 926 621 qnod
947 552 976 606 te
1001 546 1104 621 tibique
1122 543 1188 604 simi·
1231 538 1232 602 i

178 630 221 692 les
242 630 412 708 consoletur,
433 630 470 692 de
491 631 626 694 divitibus
647 638 735 708 atque
756 633 896 710 superbis.
1231 631 1232 644 ³

509 785 742 848 unumunurn
767 787 882 848 xnus
1232 798 1233 880 q

201 909 249 970 De
269 909 373 970 elenen
393 914 513 968 mortuo
535 911 587 984 qui
607 909 721 968 redimas
741 926 773 968 ee
793 909 958 968 iudicatura
982 915 1011 968 et
1030 913 1061 968 in
1079 923 1172 968 marera

427 998 587 1072 morum
608 995 752 1058 traditum
778 996 964 1056 exclamavit.
1233 1060 1234 1126 1

244 1115 312 1177 Fuit
337 1117 367 1174 in
393 1131 482 1193 regno
503 1115 680 1178 Francorum
708 1115 827 1177 ulerieus
855 1115 973 1192 quidam
992 1113 1093 1176 nobilis
1112 1119 1139 1174 et
1155 1112 1191 1174 di·
1233 1127 1234 1142 ¹

180 1219 241 1278 ves,
261 1219 336 1280 quae
358 1201 415 1262 due
438 1219 525 1280 saepe
546 1202 689 1262 hominem
711 1203 858 1279 extollunt,
879 1203 1034 1280 multisque
1044 1203 1116 1262 vitiis
1134 1200 1192 1260 sub·

159 1291 286 1356 ,iiuiunt
329 1287 473 1365 Quicum
490 1296 619 1349 mortuus
642 1290 749 1364 fuisset,
771 1291 849 1350 etin
875 1290 978 1350 feretro
998 1285 1192 1366 positiqmui-
1234 1322 1235 1380 q

179 1375 299 1436 titudine
319 1374 418 1453 populi
449 1375 686 1451 circumsedente,
713 1383 774 1436 tam
795 1393 831 1436 ex
852 1375 961 1438 elerieis
983 1393 1069 1452 quum
1089 1392 1123 1435 ar
1149 1373 1193 1432 iai·
1234 1381 1235 1432 i

180 1463 230 1538 eis,
250 1464 312 1540 ipse
333 1479 365 1522 se
386 1464 484 1538 erexit,
504 1465 614 1524 cunetis
628 1462 809 1522 audientibus
829 1465 859 1522 in
876 1463 949 1523 haee
970 1464 1061 1522 verba
1079 1477 1192 1538 premn-

179 1566 267 1626 pens:
294 1548 397 1610 Jusms
417 1547 504 1608 iudex
527 1549 679 1625 iudicavit,
713 1549 870 1610 iudicatum
897 1547 1108 1624 condemnavit,
1134 1561 1192 1606 eon·

181 1635 346 1697 demnatum
366 1635 483 1696 tradidit
501 1637 531 1694 in
552 1653 654 1695 manus
674 1638 835 1712 impiomm.
878 1634 991 1712 Quibus
1012 1635 1092 1696 dietis
1110 1651 1139 1694 se
1155 1647 1192 1692 re·

181 1723 299 1799 clinans,
319 1725 422 1783 iterum
433 1737 492 1782 non
513 1722 576 1782 dieo
590 1721 843 1799 obdormivitsed
857 1722 894 1783 de
906 1724 1006 1800 requie
1025 1716 1192 1782 transiritud

180 1809 319 1886 lahorem,
339 1809 376 1870 de
398 1807 506 1870 deliciis
526 1809 565 1870 ad
586 1811 737 1869 miserim.
1236 1846 1237 1928 q

554 1962 787 2026 cAPrrULUM
810 1963 844 2024 L.

174 2136 177 2145 s
265 2089 341 2150 Itan
362 2089 398 2149 da
419 2088 522 2148 etatae
543 2090 686 2148 moriente
707 2090 760 2164 qai
780 2105 811 2146 se
832 2084 934 2146 tubam
955 2084 1127 2162 infantulam
1237 2108 1238 2158 r

529 2174 676 2234 audivisse
698 2173 871 2234 testabatur.
1237 2159 1238 2224 Ῡ

248 2295 283 2355 In
305 2295 407 2357 eodem
427 2312 515 2374 regno
537 2295 609 2356 alius
631 2295 749 2370 quidam
771 2293 889 2356 ulerieus
908 2292 976 2368 fuit,
998 2299 1027 2354 et
1046 2295 1106 2370 ipse
1123 2288 1191 2349 viiio·

183 2399 233 2442 sus
254 2379 353 2458 valde,
381 2384 455 2442 sieut
483 2389 513 2442 et
533 2384 668 2460 superior.
712 2381 767 2458 Qui
789 2379 1038 2446 cumadmonitus
1057 2372 1190 2438 fuissetai

183 2470 282 2530 amicis
311 2468 347 2528 de
376 2469 567 2544 consessione,
595 2475 727 2544 essetque
750 2469 777 2527 ei
796 2467 915 2527 allatum
937 2484 1041 2543 corpus
1060 2461 1192 2524 Dominis

184 2555 342 2630 sauerdote,
362 2557 491 2632 accipere
512 2555 612 2631 noluit,
634 2562 806 2630 vertensque
828 2571 859 2614 se
881 2553 919 2613 ad
931 2555 1077 2631 parietem,
1096 2553 1132 2612 sie
1149 2547 1190 2606 uit:

184 2641 270 2704 Tube
291 2643 367 2703 canit
387 2641 465 2719 apud
485 2642 598 2717 inferos,
619 2659 718 2701 eamus
739 2641 814 2720 hine.
857 2639 962 2716 Sisque
985 2641 1138 2716 exspirem,
1155 2641 1191 2692 tu·

183 2729 253 2790 bam
273 2736 388 2791 secutus
410 2737 454 2790 est
473 2728 649 2789 intemaiem.
690 2725 893 2788 NOVICIUS:
926 2726 958 2786 Si
978 2729 1020 2788 sie
1043 2725 1120 2786 Deus
1137 2736 1191 2780 exe·

185 2823 279 2877 uratur
300 2817 413 2877 divitias
434 2822 522 2892 atque
543 2817 714 2892 superbiam,
734 2805 804 2891 p'uto
827 2812 905 2889 quod
925 2811 1011 2874 vaide
1024 2815 1119 2888 puniat
1130 2807 1191 2867 biss-

184 2903 337 2980 phemiam.
378 2901 612 2963 MONACHUS:
634 2901 728 2962 Valde
749 2901 831 2961 Deus
851 2901 934 2976 punit
954 2899 1120 2975 quandoque
1137 2887 1191 2951 iilud

184 2991 301 3066 vitium,
330 2993 415 3051 etiam
442 2991 471 3048 in
499 2988 676 3064 infidelibus,
704 2991 778 3048 sium
806 3003 898 3063 nuper
918 2985 1004 3045 didiei
1025 3003 1060 3046 ex
1080 2982 1192 3044 relatione

185 3075 333 3137 cuiusdam
361 3076 495 3137 monachi
515 3076 689 3149 Viiariensis,
711 3077 760 3152 qui
781 3075 857 3134 eirca
884 3073 1044 3132 haereticos
1064 3071 1191 3132 Alsiense

185 3179 251 3222 eum
273 3161 387 3224 domino
411 3162 542 3224 Conrado
565 3161 709 3224 carduili
724 3157 741 3242 ¹)
764 3163 833 3221 satis
853 3160 1005 3220 laboravit

545 3351 778 3414 CAPITULUM
804 3351 853 3412 LI.

186 3479 234 3539 De
254 3482 349 3536 morte
371 3475 490 3536 Comitis
503 3475 656 3536 Fuliaeenaia
677 3475 814 3533 haeretiei
836 3471 873 3532 ob
894 3469 1101 3548 blasphemium
1120 3466 1193 3528 ostiti

251 3595 354 3658 Comes
382 3596 533 3656 Fulirensis
562 3595 737 3670 haereticus,
766 3569 795 3654 et
822 3593 1031 3654 haeretieorum
1057 3589 1193 3655 coadiutor,

187 3703 253 3748 cum
280 3683 411 3744 ultimum
439 3688 563 3741 castrum
591 3698 675 3740 suum
703 3679 868 3755 rehaberet,
898 3682 927 3739 in
956 3683 1065 3740 tautam
1092 3664 1192 3750 erupit²)

206 3802 238 3870 i)
254 3798 324 3856 ABE
341 3794 528 3852 cardinale.
547 3823 578 3836 -
596 3795 629 3864 2)
647 3795 667 3848 Β
684 3797 844 3872 prurupit.
