2524 4252
127 271 190 332 364
239 270 340 332 uisu.
362 267 485 332 DUOD.
505 269 560 330 DE
580 268 761 332 PRAEMIO
783 267 1049 333 MORTUORUM.

125 400 197 454 rant
239 391 474 452 MONAOHUS:
502 391 579 468 Quia
589 388 605 472 ¹)
629 391 743 468 dialogo
764 399 861 452 nostro
885 392 949 452 finis
969 392 1158 470 imponendus

126 486 178 555 est,
199 479 284 538 simul
297 479 440 539 Christum
454 480 502 555 qui
524 481 614 538 omnis
636 481 886 540 consummationis
907 480 971 540 finis
989 486 1033 540 est
1054 480 1158 556 depre-

126 583 237 641 oemur,
266 573 297 625 ut
319 583 354 625 ea
376 583 449 641 quoe
470 573 522 626 tuo
542 569 774 642 interrogatione,
802 569 864 626 sive
886 584 951 626 mea
971 569 1156 643 responsione

126 653 255 715 confecta
276 659 357 728 sunt,
377 652 537 730 legentibus
558 669 612 712 nee
633 670 691 711 non
713 659 742 712 et
763 653 943 714 audientibus
966 653 1003 712 ad
1025 656 1158 715 meritum

124 740 287 817 proficiant,
314 746 347 799 ut
369 742 409 798 sie
431 739 589 800 aedificatio
618 741 827 815 proximorum,
860 745 1021 800 nostrorum
1048 741 1158 800 firrotm

125 827 175 888 fiat
195 826 335 888 laborum.
371 826 456 903 Quod
478 826 560 888 nobis
581 833 725 902 praestare
748 825 880 904 dignetur
899 830 959 903 ipse
974 827 1009 886 de
1031 845 1089 902 quo
1107 827 1158 888 'lo-

125 917 252 990 quimur,
279 911 366 974 Jesus
393 912 521 972 Christus
542 914 684 972 Dominus
714 920 825 988 noster,
854 913 952 972 mundi
980 913 1159 991 redemptor,

125 1001 280 1061 electorum
294 1001 441 1075 confrater,
463 1000 526 1059 Rex
540 1000 714 1075 angelorum,
737 1006 765 1058 et
785 1001 954 1061 utbreviter
975 1001 1158 1076 concludam,

125 1091 192 1162 vito,
215 1104 340 1162 meroes,
363 1087 520 1146 et‘laetitia
542 1089 668 1146 omniurn
690 1091 863 1148 sauciorum.
906 1086 959 1146 Oui
980 1105 1046 1148 ourn
1067 1087 1159 1148 Patre

126 1181 153 1233 ot
174 1174 281 1250 Spiritu
302 1180 400 1233 saneto
415 1172 486 1248 laus,
506 1174 598 1233 honor
620 1181 648 1233 et
669 1176 818 1250 imperium
839 1191 891 1252 per
911 1173 1161 1234 infinita'saeoula

123 1260 310 1322 saeculorum.
351 1258 455 1318 Arnen.

229 1363 341 1424 Codicis
363 1367 462 1440 exigui
482 1365 566 1422 stilus
588 1371 740 1424 auctorem
760 1367 934 1439 reticentem,

226 1451 352 1526 Inperor
373 1455 405 1510 in
426 1451 564 1523 medium,
585 1452 675 1510 veluti
687 1468 768 1510 nova
782 1451 906 1510 verbulo
919 1468 1072 1526 spargeres.

227 1537 275 1597 Sic
296 1545 331 1596 ut
353 1540 430 1596 mitis
452 1555 539 1596 amor
562 1543 638 1596 tuot
660 1555 775 1612 aspero
797 1541 897 1598 mitius
918 1539 972 1596 illo

228 1623 375 1699 Omnipot,
397 1643 432 1683 ae
453 1641 549 1683 mores
570 1624 664 1684 addat
684 1631 758 1706 uoto
779 1643 855 1684 vero
872 1621 1047 1699 ealubwffl).

142 2018 212 2086 1)n
236 2017 347 2069 Verum
371 2016 465 2070 diois.
507 2017 593 2082 Quia.
622 2047 653 2057 —
680 2017 713 2086 2)
736 2019 762 2069 in
785 2016 824 2070 his
854 2017 983 2082 versibus,
1016 2019 1039 2070 si
1064 2022 1164 2088 primas

148 2129 150 2133 .
192 2087 325 2140 verborum
348 2088 443 2139 litteras
467 2089 638 2156 compegeris,
660 2086 728 2140 huno
743 2087 849 2140 hebebis
866 2095 1066 2154 pentametrum:

318 2155 447 2210 Cesarii
470 2170 579 2210 munus
597 2166 701 2210 sumet
724 2159 824 2210 arnico
842 2173 956 2210 manus.
