2608 4252
391 263 444 326 DE
466 262 623 326 SANCTA
638 261 780 325 MARIA.
896 263 900 275 '
1062 266 1101 324 73
1209 196 1222 218 ⁸

406 419 639 482 unumunurn
659 416 763 501 rw)
878 387 883 394 ’

80 545 123 606 Dc
142 545 262 605 Paucae
275 561 423 616 umberto,
445 546 497 620 qut
515 550 650 604 casatam
663 542 797 602 Mariam
817 543 850 602 io
868 539 927 618 fiae
946 559 1001 602 auo
1022 541 1103 602 vidit.

137 663 296 727 Conversus
332 665 449 742 quidam
480 665 648 726 adolescens
677 670 785 740 aetate,
801 663 894 722 vFriso
916 665 1048 738 natione,
1074 666 1103 724 in

79 751 172 812 Lucia
192 754 272 813 cuius
294 769 382 828 supra
402 754 531 827 memini,
560 754 685 829 graviter
706 751 927 812 infirmabatur«
952 749 1104 810 Deductus

80 838 113 900 ad
133 847 270 916 extrema,
292 842 322 898 in
342 841 407 914 ipsa
428 841 546 916 agonia,
575 841 648 898 sicut
669 838 738 897 mihi
758 837 857 896 retulit
875 837 1034 897 monachus
1055 843 1105 914 qui

80 925 144 986 vidit
171 931 199 986 et
225 930 362 1003 praesens
385 926 452 1001 fuit,
481 925 571 986 fidere
594 927 696 1001 coepit.
740 923 794 984 Cui
815 941 881 984 curn
904 924 1009 984 diceret
1030 941 1105 983 unus

80 1029 111 1073 er
128 1013 385 1073 circumstantibus:
408 1007 499 1087 Pavo,
516 1003 578 1072 ‘boc
593 1015 619 1071 ei
632 1027 737 1072 nomen
752 1017 821 1086 erat,
842 1028 892 1071 cur
909 1011 995 1070 modo
1008 1009 1104 1071 ridesi

79 1099 232 1178 respondit:
255 1099 314 1159 Gur
326 1116 384 1158 non
401 1098 532 1158 rideam?
553 1100 630 1158 Ecce
643 1097 769 1157 Domina
781 1104 879 1168 nostra
895 1115 1031 1174 praesens
1054 1105 1105 1172 est,

80 1193 106 1246 st
128 1189 186 1247 iarn
212 1187 339 1247 animam
366 1201 460 1246 meam
482 1187 626 1264 suscipiet.
668 1185 791 1246 Videtur
815 1185 885 1244 mihi
910 1187 940 1244 in
960 1186 1015 1245 isto
1037 1202 1104 1244 ver-

80 1274 178 1334 siculus
199 1280 302 1350 poetae
323 1272 472 1348 impletus:

157 1361 256 1436 Incipe
273 1378 370 1436 paroc
386 1379 474 1435 puer,
495 1363 559 1420 ttae
580 1376 752 1436 eopooacece
773 1365 899 1417 matrem
912 1356 940 1436 9.

81 1445 149 1507 Puer
176 1452 238 1508 erat
266 1449 370 1506 virtute
398 1446 475 1506 idem
502 1463 671 1521 conversus,
704 1447 772 1522 quia
797 1443 917 1520 simplex
944 1451 973 1504 et
999 1463 1104 1521 purus3

80 1550 193 1609 parvus,
229 1536 297 1609 quia
331 1533 446 1593 humilis
478 1540 507 1593 et
538 1539 714 1593 mansuetus.
770 1531 858 1590 Haud
887 1528 1004 1591 dubium
1037 1535 1106 1609 quin

82 1621 160 1682 beata
179 1621 270 1698 vrgo
299 1622 429 1680 morienti
456 1626 601 1680 maternos
631 1619 791 1679 exhibuerit
815 1624 928 1694 gestem
958 1621 1105 1695 quianon

82 1709 169 1786 risum,
190 1708 241 1769 sed
261 1710 392 1768 timorem
412 1707 510 1768 vultus
532 1710 637 1768 excitat
657 1723 784 1766 severus.

425 1862 657 1924 GAPITULUM
677 1863 757 1923 LIII.

197 1988 273 2048 ltcm
295 1987 331 2046 de
351 1987 576 2059 tonebrnouioli,
598 1989 647 2044 eoi
668 1988 804 2045 morienti
826 1989 977 2061 apparuit.

139 2109 235 2170 Simile
257 2107 526 2186 eontigitColoniae
547 2109 577 2168 in
599 2107 720 2168 ecelesia
743 2109 833 2167 sancti
854 2106 989 2167 Mauritii.
1034 2108 1106 2168 Cum

86 2196 216 2270 quaedam
233 2195 455 2258 sanctimonialis
475 2197 570 2256 bonae
591 2197 668 2255 vitae
688 2197 719 2254 in
741 2195 873 2254 extremis
893 2193 1000 2254 ibidem
1021 2194 1106 2255 labo·

85 2289 165 2358 taret,
193 2289 222 2343 et
241 2300 353 2344 sorores
375 2284 542 2344 morientem
564 2284 791 2356 circumstarent,
812 2281 862 2341 illa
883 2287 1014 2342 serenata
1034 2281 1107 2342 facie

86 2367 256 2445 subridendo,
278 2372 386 2430 cunctis
400 2369 601 2432 audientibus
593 2387 622 2428 ru
643 2369 715 2429 haec
735 2369 826 2436 verba
846 2370 987 2444 prorupit:
1009 2369 1106 2430 Bene·

87 2457 173 2516 venat
193 2457 355 2517 dulcissima
375 2456 502 2516 Domina
523 2473 602 2532 mea,
622 2456 802 2516 benevcniat
844 2455 948 2531 Sieque
969 2457 1107 2559 repressis

87 2537 158 2602 labiis
187 2545 348 2620 exspiravit.
390 2542 516 2602 Multum
542 2545 617 2603 enim
637 2543 715 2602 illam
738 2542 882 2619 diligebat
923 2542 1006 2602 Unde
1028 2545 1106 2603 etin

88 2623 149 2689 hora
168 2630 216 2691 illa
236 2630 353 2690 terribili
374 2629 508 2690 dilectam
528 2630 625 2690 videre
646 2631 763 2705 meruit,
784 2631 877 2689 visam
897 2628 1038 2704 salutare,
1059 2637 1107 2689 at·

88 2729 136 2788 que
150 2734 201 2793 per
221 2735 286 2777 earn
308 2723 337 2776 et
358 2734 424 2777 curn
446 2735 480 2777 ea
494 2716 647 2777 coelestem
668 2716 825 2778 thalamum
846 2719 959 2776 intrare.
991 2713 1107 2776 NOVI·

89 2799 179 2864 CIUS:
200 2803 290 2880 Spero
313 2803 391 2879 quod
412 2803 575 2879 daemones,
597 2807 646 2880 qui
667 2807 752 2864 etiam
780 2805 847 2863 viris
874 2803 1058 2862 sanctissimis
1078 2804 1108 2860 in

90 2891 156 2949 exitu
181 2891 265 2952 nimis
292 2897 359 2950 sunt
385 2893 551 2966 importuni,
582 2891 612 2948 in
638 2892 798 2967 praeseutia
823 2895 920 2949 tantae
952 2891 1109 2950 maiestatis

90 2974 231 3039 mbs‘nters
251 2995 310 3038 non
331 2984 451 3055 possunt
462 2974 493 3058 ²).
535 2975 770 3039 MONAOHUSr
799 2975 865 3036 Hoc
886 2975 938 3036 tibi
959 2976 1109 3038 ostendere

90 3061 147 3124 volo
165 3061 244 3144 per³)
265 3065 447 3142 exemplum,

421 3219 654 3281 CAPITULUM
681 3219 760 3279 LIV.

93 3333 157 3398 lton
177 3339 212 3400 da
237 3338 384 3399 Wamero
405 3341 566 3413 monacho,
599 3342 647 3400 eoi
668 3342 700 3398 ia
722 3343 858 3400 mironis
878 3340 1022 3414 cabocnit,
1043 3361 1110 3403 oum

387 3445 408 3485 a
429 3426 621 3488 doemonibus
643 3433 809 3504 teneretur.

149 3545 229 3609 circa
248 3547 304 3608 hoe
325 3548 476 3609 triennium
503 3548 661 3610 monachus
684 3548 799 3624 quidam
820 3549 979 3611 Wamerus
999 3551 1113 3610 nomine

95 3629 294 3696 inliberbacho
316 3635 466 3696 destructus
488 3644 540 3713 est,
561 3641 656 3696 aetate
678 3636 794 3712 quidem
810 3636 987 3713 adolescens,
1007 3644 1036 3697 et
1056 3636 1115 3695 irn·'

111 3745 297 3820 'innuunt
321 3767 346 3818 p.
372 3752 480 3806 178.-
506 3751 624 3876 igvirg.
647 3751 903 3822 uc103.1V‚eo.-
929 3752 999 3821 2)B
1023 3750 1113 3805 nullo

155 3819 445 3890 urodopossintu-
465 3823 498 3890 3)
553 3838 775 3892 persequens.

832 3897 857 3967 4

1122 36 1152 90 XX

1156 99 1181 142 N.

1184 146 1188 154 ,

1192 164 1197 174 ι
