2524 4252
182 382 372 440 secutns‘est
415 376 472 453 Qui
494 393 560 437 cum
580 375 671 436 faetus
693 375 792 436 luisset
819 375 993 453 monachus,
1020 379 1062 438 ita
1088 376 1198 438 medus

182 481 214 526 se
234 466 344 538 habuit,
364 465 406 523 ita
426 463 577 540 singularis
599 463 661 538 fuit,
681 469 715 521 ut
736 467 762 523 ei
778 462 881 524 Abbas
903 467 1024 540 timeret,
1046 469 1075 524 et
1093 481 1141 542 pro
1160 467 1197 524 in-

183 551 303 612 discreto
321 551 432 611 fervore
454 549 569 626 saepius
590 557 729 626 argueret.
782 551 835 610 Ille
857 568 925 611 vero
954 551 1124 612 salutaribus
1142 567 1197 610 nro-

182 641 247 698 nitis
266 656 325 699 non
346 640 546 713 acquiescens,
575 640 604 695 in
625 639 781 712 pertinacia
802 655 855 698 sua
878 641 1086 714 perseveravit,
1113 640 1197 714 sicque

182 733 247 802 post
264 725 374 801 aliquot
395 741 484 783 annos
507 723 656 783 defunctus
678 732 730 782 est.
772 723 863 784 Nocte
886 725 1012 800 quadam
1034 743 1098 785 curu
1110 723 1196 784 Abbas

183 819 285 890 quarta
299 814 369 871 feria
391 809 428 870 ad
449 811 548 871 laudes
570 813 599 869 in
621 810 704 870 stallo
727 829 779 870 suo
802 819 899 887 staret,
920 819 949 872 et
970 820 1070 872 contra
1089 813 1194 888 presby·

181 903 284 961 terium
304 901 470 975 respiceret,
498 905 555 956 tres
576 915 713 974 personas
736 901 818 973 quasi
838 904 895 958 tres
919 899 1054 959 candelas
1081 899 1195 958 ardentes

182 986 219 1047 ad
241 1004 272 1046 se
295 989 390 1046 venire
410 985 616 1060 contemplatus
638 992 690 1045 est.
732 985 844 1062 Quibus
866 988 982 1062 propius
1004 985 1194 1058 accedentibus,

182 1077 316 1152 cognovit
337 1090 444 1132 omnes.
486 1071 600 1131 Medius
621 1071 674 1130 fuit
694 1072 857 1147 praedictus
869 1071 885 1152 ⁸)
907 1073 1101 1148 scholasticus,
1124 1078 1148 1131 et
1165 1088 1193 1130 er

181 1169 302 1237 utroque
325 1163 385 1220 eius
403 1160 491 1219 latere
506 1158 562 1218 duo
586 1162 723 1233 conversi,
744 1176 842 1219 omnes
854 1177 945 1235 nuper
966 1159 1098 1220 defuncti
1126 1159 1193 1218 Tunc

181 1249 283 1308 Abbas
305 1264 414 1306 memor
427 1249 600 1321 pertinaciae
622 1245 793 1321 scholastici,
813 1249 998 1324 interrogavit
1014 1265 1079 1307 eum
1099 1246 1192 1305 dicens:

182 1332 334 1411 Quomodo
354 1332 467 1392 habes?
516 1332 719 1408 Respondente
747 1333 809 1407 illo,
839 1335 928 1410 bene;
957 1352 1025 1394 mox
1053 1333 1192 1393 subiunxit:

148 1479 149 1484 ,
180 1420 326 1496 Numquid
355 1419 461 1496 aliquid
489 1411 590 1494 passus
620 1437 651 1478 es
678 1437 730 1496 pro
760 1420 951 1480 inobedientia
980 1419 1052 1480 tua?
1098 1420 1192 1489 suan,

181 1511 288 1585 inquit,
315 1508 406 1566 multa
429 1513 457 1565 et
478 1509 603 1565 maxima
624 1512 773 1566 tormenta.
817 1507 875 1566 Sed
904 1511 972 1582 quia
999 1509 1113 1567 intentio
1139 1521 1192 1564 mee

181 1597 258 1656 bona
278 1591 344 1655 licet
364 1594 516 1652 indiscreta
536 1592 620 1652 fuerit
628 1589 665 1672 ²),
686 1593 827 1652 Dominus
848 1595 904 1653 mei
925 1597 1057 1654 misertus
1077 1600 1127 1668 est,
1148 1607 1191 1652 net

181 1701 245 1744 sum
267 1680 426 1740 damnatus.
468 1677 506 1737 Et
527 1682 567 1738 ait
580 1678 696 1739 Abbas:
719 1679 796 1756 Quid
812 1686 855 1740 est
876 1680 952 1756 quod
974 1683 1027 1740 iste
1049 1693 1191 1764 conversus,

72 1785 76 1792 ·
181 1769 268 1848 digito
291 1785 356 1829 eum
379 1768 591 1841 demonstrans,
612 1767 700 1826 altero
723 1767 825 1826 clarior
846 1773 903 1841 est,
926 1785 992 1827 cum
1012 1770 1073 1844 ipse
1091 1771 1190 1844 aposta-

180 1860 291 1931 taverit,
313 1862 342 1914 et
363 1855 434 1914 alter
455 1871 601 1928 nunqnam
624 1871 659 1913 ex
681 1871 737 1928 quo
760 1853 798 1912 ad
820 1855 948 1914 ordinem
970 1857 1067 1930 venit,
1087 1853 1190 1931 gravitu

182 1941 355 2005 excesserit?
391 1939 549 2016 Respondit
566 1940 739 1999 monachus:
762 1941 838 2016 Quia
858 1944 912 2005 iste
934 1947 1001 2018 post
1021 1941 1129 2018 lapsum
1146 1939 1192 1996 for·

180 2033 237 2091 tius
258 2031 391 2102 surrexit,
421 2033 450 2087 et
471 2027 561 2086 altero
582 2027 672 2087 multo
694 2027 846 2087 ferventior
870 2029 932 2087 fuit.
981 2027 1096 2088 Interim
1122 2026 1191 2086 choro

181 2125 314 2180 cantante
335 2112 549 2194 versiculum³):
568 2111 662 2174 Pedes
683 2121 855 2174 sanctorum
876 2133 1000 2175 morum
1022 2113 1193 2184 accumbet

149 2221 152 2229 ·
180 2210 263 2282 inepti
275 2209 307 2265 in
323 2201 445 2263 tenebris
460 2198 688 2280 conticescerem,
710 2201 897 2262 scholasticus
907 2199 926 2282 ⁵)
949 2205 1032 2278 signa
1046 2218 1112 2261 suae
1122 2213 1192 2276 prae·

180 2296 288 2354 sentiae
317 2291 357 2349 ibi
385 2288 542 2364 relinquere
570 2287 683 2362 volens,
719 2287 848 2348 tabula'm
875 2287 997 2364 pedibus
1033 2288 1192 2364 psallentium

180 2381 370 2451 substratam,
382 2383 451 2450 ,tam
470 2375 580 2433 fortiter
602 2375 681 2434 calce
701 2377 850 2452 percussit,
871 2382 903 2434 ut
923 2376 1105 2454 frangeretur.
1141 2371 1192 2433 Sio-

180 2483 236 2543 que
262 2465 407 2540 disparuit.
458 2461 559 2520 Abbas
587 2479 655 2521 vero
684 2465 713 2520 in
741 2463 934 2533 testimoninm
962 2468 1022 2520 tarn
1048 2459 1193 2521 manifestae

180 2552 311 2625 visionis,
339 2544 469 2608 tabulam
495 2549 614 2607 fractam
642 2551 769 2623 reparari
797 2549 844 2608 vel
865 2551 970 2608 mutari
991 2566 1048 2607 non
1077 2547 1192 2624 permisit

93 2697 95 2708 ,
179 2637 383 2701 NOVICIUS:
405 2629 466 2695 Ist'a
480 2639 592 2694 recitari
607 2635 743 2694 deberent
763 2636 912 2694 monachis
934 2638 983 2710 qui
1006 2653 1041 2695 ax
1062 2635 1192 2694 indiscreto

178 2730 289 2789 fervore
311 2726 366 2784 sibi
388 2730 417 2782 et
437 2723 499 2782 aliis
519 2721 633 2782 inutiles
648 2721 728 2780 fiunt
765 2719 1000 2783 MONACHUS:
1022 2723 1138 2798 Propter
1154 2733 1193 2778 eos

178 2822 295 2876 sanctus
316 2811 491 2872 Benedictus
511 2812 541 2868 in
562 2808 661 2886 regula
684 2809 766 2885 dicit,
797 2815 933 2870 octavum
953 2809 1075 2886 gradum
1095 2804 1192 2868 humill·

179 2906 246 2962 tatis
269 2917 347 2974 esse,
373 2905 405 2956 ut
433 2896 503 2955 nihil
523 2903 592 2973 agat
613 2896 771 2956 monachus
792 2898 846 2956 nisi
868 2896 945 2972 quod
968 2897 1121 2956 communis
1140 2907 1191 2952 rno-

179 2990 294 3049 nasterii
307 2986 406 3062 regula
420 2983 467 3043 vel
488 2987 627 3043 maiorum
646 2983 831 3042 cohortantur
844 2983 983 3060 exempla.
1010 2977 1190 3043 NOVlClllS:

180 3073 260 3136 Sicut
277 3073 391 3149 quidam
405 3074 434 3130 in
447 3073 541 3148 rigore
562 3086 615 3130 suo
637 3072 720 3129 nimis
742 3078 808 3128 sunt
828 3073 996 3147 pertinaces,
1016 3071 1057 3132 ita
1078 3069 1121 3128 alii
1138 3079 1191 3126 ser·

179 3161 224 3220 bis
246 3160 293 3220 vel
314 3162 400 3236 signis
422 3161 505 3218 nimis
527 3163 593 3217 sunt
614 3158 702 3216 leves.
745 3155 979 3218 MONACHUS:
1008 3155 1052 3230 Et,
1067 3155 1097 3218 hi
1114 3166 1190 3232 poena

180 3245 258 3326 digni
272 3253 352 3334 sunt.

183 259 245 318 340
452 249 680 315 Disrmcmo
703 251 945 316 DUODEOIMA

518 3346 751 3444 currentum
770 3383 876 3444 xrtx.

237 3511 286 3570 Dc
306 3507 447 3567 Jotanne
467 3508 592 3565 sacrista
620 3506 776 3564 Vcennos·
798 3507 850 3581 qui
872 3509 1014 3581 emutuit
1033 3503 1142 3563 Abbati

244 3632 370 3694 sacnsta
397 3627 513 3704 quidam
541 3627 620 3704 apud
640 3627 781 3688 Vilarium
809 3627 880 3688 meis
908 3625 1082 3704 temporibus
1107 3619 1188 3684 deim-

198 3749 534 3838 nostrosnostros.
554 3761 773 3829 -2)Bfuit,
797 3757 951 3813 Pfuerst.
977 3789 1007 3800 -
1033 3759 1064 3828 3)
1081 3757 1100 3810 li
1120 3751 1188 3808 iiius

248 3835 453 3891 versiculum.
473 3863 503 3872 -
523 3831 555 3899 4)
573 3831 635 3900 lleg.
653 3831 673 3896 1,
691 3831 717 3895 2,
734 3831 759 3882 9.
779 3859 810 3872 -
829 3831 861 3900 5)
879 3829 900 3884 (i
917 3829 966 3882 add
984 3825 1152 3883 menachus.
