2506 4254
434 303 488 366 DE
511 305 738 368 MIRAOULIS.
1039 306 1101 370 253

89 427 247 504 laborabant,
266 445 342 490 unus
354 427 477 504 interius,
497 429 570 489 alter
583 447 653 492 vero
666 430 796 506 superius
809 430 838 486 in
852 430 980 506 margine
998 427 1102 491 fossae.

89 513 188 576 burim
215 516 350 578 lateribus
377 515 473 576 fossae
500 517 648 591 collapsis,
675 516 762 577 homo
791 517 841 590 qui
866 519 909 578 in*
924 515 1011 576 brndo
1041 523 1103 578 erat

89 602 194 662 molibus
221 608 312 663 terrac
340 607 427 678 atque
455 609 598 677 petrarum
626 605 766 678 obruitur3
796 605 924 678 superior
944 619 1013 662 vero
1036 619 1102 664 cum

88 688 131 748 illis
150 688 265 765 cadone,
288 691 329 750 sic
352 691 487 750 contritus
509 696 568 764 cst,
589 696 622 748 ut
642 693 725 749 tertia
748 689 793 750 die
814 695 980 749 moreretur.
1021 688 1102 750 Uxor

87 781 169 836 nomm
189 778 282 838 obruti
301 781 406 852 putans
429 793 494 836 eum
517 777 688 852 defunctum,
710 779 826 836 missam
837 773 861 856 ¹)‘
881 793 932 852 pro
955 777 1016 838 cius
1037 777 1102 837 anl-
1125 845 1128 848 ,

87 879 126 924 ora
150 864 282 924 celebrari
306 863 382 923 lecit
423 863 462 922 Et
489 867 557 939 quia
583 863 759 940 paupercula
785 869 861 937 erat,
889 880 942 922 nee
971 861 1101 922 sufficere

85 952 165 1025 potuit
190 950 227 1012 ad
248 949 453 1011 celebrationes
474 953 639 1025 missarum,
667 950 786 1027 singulis
808 950 909 1009 dicbus
930 951 960 1006 in
981 948 1102 1010 ecclesia

85 1052 169 1096 eornm
194 1037 275 1098 altari
302 1054 356 1113 pro
383 1036 509 1098 remedio
535 1039 647 1096 animae
670 1040 730 1097 eius
752 1037 819 1096 thus
839 1033 979 1110 incendit,
1010 1037 1100 1096 tribus

84 1128 180 1182 mnium
207 1125 307 1184 dicbus
333 1124 478 1200 neglectis.
528 1123 614 1199 Quod
636 1141 701 1183 curn
722 1124 836 1184 fecisset
855 1141 906 1200 per
927 1140 1033 1182 annum
1053 1125 1101 1182 in·

85 1215 198 1288 tegruno,
234 1211 365 1272 homines
399 1210 469 1270 lucri
505 1229 593 1270 cause
623 1228 745 1287 purgare
781 1216 937 1288 coeperunt
966 1209 1100 1270 fodinam

85 1294 200 1374 Cumque
232 1300 425 1358 instrumentis
456 1299 516 1358 suis
548 1299 650 1356 obruto
682 1299 935 1374 propinquassent,
967 1297 1101 1360 clamavit

83 1381 136 1443 ille:
154 1383 271 1459 Parcite,
292 1387 413 1460 parcitc3
434 1402 559 1446 massam
580 1387 621 1444 sio
643 1390 836 1460 competenter
857 1386 971 1460 reiicite,
992 1391 1099 1446 utnon

84 1469 195 1533 obruatis
208 1489 263 1532 mc.
305 1471 351 1530 Illi
363 1473 484 1546 primum
499 1477 633 1546 putantes
654 1470 795 1530 fantasma
817 1487 887 1543 esse,
910 1489 976 1532 cum
997 1487 1101 1532 vocem

84 1558 135 1618 eius
148 1561 352 1635 cognovissent,
372 1559 499 1618 fecerunt
518 1565 551 1616 ut
573 1558 776 1633 postulaverat.
818 1556 949 1618 Nudatos
958 1554 978 1636 ²)
994 1564 1100 1632 autem,

83 1659 138 1703 eum
158 1647 343 1721 interrogatus
367 1645 481 1719 fuisset,
514 1644 658 1719 quomodo
679 1645 720 1703 ibi
745 1649 826 1702 tanto
852 1650 980 1718 tempore
1000 1646 1102 1708 vivere

82 1733 220 1807 potuisset,
248 1731 410 1806 respoudit:
438 1731 562 1808 Singulis
585 1731 685 1790 diebus
707 1730 757 1789 tali
777 1729 849 1790 hora
870 1731 941 1804 diei,
972 1731 1100 1806 quodam

82 1817 156 1878 odore
177 1822 331 1879 aromatico
358 1821 398 1878 ita
419 1817 590 1876 sufficienter
612 1817 733 1876 reiectus
755 1834 827 1891 sum,
848 1823 881 1878 ut
901 1823 963 1877 tota
982 1816 1032 1876 ille
1052 1815 1101 1878 die

82 1919 161 1979 nsque
181 1906 218 1966 ad
239 1904 359 1965 eandem
380 1905 481 1964 boram
501 1922 595 1979 neque
616 1903 788 1964 manducare
809 1921 903 1980 neque
924 1904 1022 1964 bibere
1044 1903 1099 1964 (lc-

81 1987 195 2052 lecterer.
246 1992 282 2050 In
322 1997 383 2050 toto
411 1991 468 2051 boc
496 2008 571 2051 anno
599 2007 651 2067 per
679 1997 736 2052 tres
763 1997 874 2050 tantum
903 1990 964 2050 dics
996 1990 1098 2052 eodem

81 2077 157 2138 odore
181 2063 275 2154 cerni,
306 2085 335 2138 ct
362 2084 431 2138 tunc
456 2078 531 2138 lame
560 2094 633 2154 pene
662 2083 790 2165 mortuus
817 2077 865 2136 iui.
915 2078 980 2139 Non
1000 2084 1098 2138 minen
1149 2079 1152 2093 '

80 2167 222 2241 exprimere
243 2167 336 2242 potuit
356 2167 490 2224 virtutem
511 2164 558 2248 vel
580 2167 697 2224 causam
719 2163 845 2223 eiusdem
867 2163 970 2224 odoris.
1018 2163 1099 2224 Uxor

82 2251 135 2310 cius
161 2252 196 2312 de
223 2252 279 2311 boc
305 2253 455 2332 requisita,
486 2269 555 2310 mox
575 2251 725 2326 intellexit3
759 2251 827 2326 quid
848 2268 899 2327 pro
922 2253 1018 2310 anima
1039 2253 1101 2310 eius

82 2335 181 2414 lecerit,
208 2345 242 2397 ut
269 2339 446 2414 praedictum
476 2344 520 2397 est
547 2340 679 2396 omnibus
708 2341 845 2413 exposuit.
898 2336 1101 2397 Novi-cius:

82 2421 108 2482 Si
127 2425 279 2500 spiritualia
299 2425 448 2484 animabus
469 2427 598 2500 impensa
618 2427 659 2484 sic
679 2430 800 2500 prosunt
820 2424 1002 2499 corporibus,
1030 2429 1101 2499 puto

81 2511 148 2584 qnod
165 2511 217 2572 illis
238 2515 267 2570 in
288 2514 388 2589 poenis
409 2503 509 2589 positis
531 2511 652 2570 multum
672 2513 783 2588 possint
791 2506 812 2590 ³)
834 2511 980 2586 prodesse.
1022 2509 1101 2570 MO-

80 2593 242 2660 NACHUS:
269 2599 316 2660 De
343 2598 399 2663 boc
428 2601 497 2658 sotis
525 2598 632 2658 audies·
653 2601 682 2656 in
709 2598 903 2672 sequentibus.
954 2597 1100 2673 Quantum

80 2685 146 2744 enim
176 2685 293 2762 prodest
326 2685 481 2744 humilibus
516 2687 545 2744 in
572 2685 757 2744 sacramentis
786 2684 932 2744 Ecclesiae
967 2682 1040 2742 fides
1072 2690 1101 2742 ct

80 2767 199 2848 denoto,
227 2777 339 2834 tentum
360 2772 452 2834 stultis
474 2789 509 2834 ac
530 2772 659 2848 superbis
681 2770 835 2833 eomndcm
857 2776 1099 2832 sacramentorum

79 2857 153 2918 obest
170 2861 268 2924 irrisio.

416 3048 648 3111 coerroneos
668 3019 748 3108 nin.
784 3034 788 3040 ’

119 3172 163 3232 Dc
182 3174 296 3233 bomem
318 3176 370 3250 proi
389 3179 608 3248 casamentum
630 3176 761 3232 mmmmm
781 3169 906 3230 irrideus
922 3171 1047 3247 potinem

436 3260 598 3338 suffocatus
620 3265 669 3318 cot

132 3379 237 3442 Retulit
256 3381 339 3444 nobis
360 3381 554 3442 Theodericus
575 3379 732 3441 monachus
753 3385 850 3440 noster
871 3378 1017 3456 quondam
1038 3376 1097 3436 Co·

77 3479 130 3528 ores
140 3468 168 3526 in
180 3466 292 3544 Wiede,
312 3486 372 3529 rem
387 3471 455 3528 satis
469 3467 635 3528 mirabilem.
673 3467 758 3541 Novi,
778 3468 877 3542 inquit,
897 3469 926 3526 in
942 3464 1096 3526 Confluen-

76 3551 110 3610 lia
129 3553 287 3615 carnificem
299 3555 450 3631 quendam,
470 3555 615 3615 bominem
636 3557 665 3615 in
688 3553 780 3614 officio
802 3570 854 3612 suo
876 3554 998 3629 probum
1019 3551 1098 3624 satis,

74 3651 169 3700 nomen
199 3641 274 3712 illius
302 3644 470 3719 exprimens.
523 3642 580 3702 Hic
610 3659 675 3702 cum
705 3648 833 3717 tempore
861 3639 987 3716 quodam
1013 3637 1097 3695 tertia

76 3720 135 3785 lesia
147 3733 212 3788 ante
231 3727 354 3805 Cineres,
374 3735 465 3789 totam
486 3746 560 3805 pene
581 3734 696 3789 noctem
716 3729 746 3786 in
768 3722 1022 3787 comessationibus
1042 3737 1096 3780 cx-

90 3874 118 3942 l)
134 3875 154 3930 G
170 3879 294 3932 missas.
314 3910 345 3920 —
364 3880 396 3948 2)
414 3878 556 3932 destitutus.
582 3907 614 3918 -
632 3878 665 3946 3)
681 3875 723 3930 FP
739 3883 884 3944 possunt.
