2516 4244
199 237 260 295 268
485 233 710 296 DISTINCTIO
736 235 947 296 UNDECIMA

563 425 797 488 CAPITULUM
831 425 871 486 Π.

352 546 399 604 De
420 554 514 605 morte
535 534 668 624 Mcpncri
689 549 848 608 sccmdotis
871 549 906 606 de
929 546 1075 607 Oleastro.

196 666 205 672 ’
261 667 304 726 Eo
338 674 464 742 tempore
481 669 542 742 'quo
564 668 743 727 beatissimus
765 668 862 728 David
882 668 1042 728 monachus
1064 667 1217 726 claustren-

197 758 235 814 sis
257 755 294 813 ab
317 754 372 814 hac
393 755 456 813 lnce
478 757 618 830 migravit,
638 755 716 814 sacta
737 763 780 814 est
801 758 829 812 in
845 755 946 814 eadem
969 755 1053 814 domo
1076 771 1149 830 quae
1168 754 1215 812 alio

196 843 309 900 nomine
331 841 542 900 Hemmenrode
563 849 691 916 vocabu,
713 841 869 902 mortalitas
891 858 1004 918 magna,
1026 841 1150 900 Domino
1173 840 1216 899 cli-

196 936 279 1005 gente
302 929 355 986 sibi
378 944 426 986 eos
449 945 520 1002 quos
542 929 602 986 vita
624 929 843 987 commendabat
864 931 995 1003 sanctior,
1016 927 1055 987 ad
1068 926 1217 986 similitudi-

195 1033 262 1074 uem
284 1014 433 1073 columbae
456 1031 530 1088 quac
548 1014 711 1074 melioribus
733 1017 829 1090 granis
850 1018 985 1090 pascitur.
1026 1014 1097 1073 Erat
1119 1013 1156 1073 ibi
1176 1031 1215 1072 sa-

196 1101 295 1162 cerdos
317 1100 433 1176 quidam
454 1103 567 1160 nomine
588 1101 758 1176 Mcynerns,
785 1101 956 1177 quandoque
979 1099 1117 1160 ecclesiae
1138 1101 1216 1158 suncti

195 1188 345 1264 Symeonis
366 1189 395 1245 in
413 1187 530 1246 Treveri
553 1191 714 1262 canonicus,
737 1197 765 1246 et
787 1188 902 1246 salutari
924 1187 1115 1247 admonitione
1137 1187 1215 1245 sared

194 1273 332 1334 Bernardi
353 1273 477 1332 Abbatis
499 1275 537 1332 ad
559 1275 686 1333 ordinem
708 1292 870 1334 conversus.
913 1273 1045 1350 Amplius
1068 1292 1153 1350 quarn
1173 1275 1214 1331 tri-

194 1363 274 1436 ginta
287 1377 379 1418 anncs
390 1362 420 1417 in
435 1361 532 1418 ordine
545 1361 659 1434 fecerat,
675 1368 703 1420 ct
716 1379 767 1436 par
780 1361 915 1436 plurimos
929 1361 1042 1420 labores
1054 1361 1092 1420 ad
1105 1359 1215 1419 sublime

194 1449 350 1506 sanctitatis
380 1447 492 1506 culmen
522 1455 698 1522 pervenerat.
743 1448 871 1522 Cumque
899 1451 929 1506 in
958 1447 1059 1508 eadem
1081 1447 1164 1506 domo
1184 1447 1214 1504 cb

194 1551 276 1595 suam
304 1534 476 1610 probitatem
505 1534 543 1593 ad
565 1534 677 1592 diversa
700 1533 806 1594 electus
827 1535 927 1593 fnisset
947 1534 1053 1609 officia,
1081 1535 1214 1594 Priorams

193 1621 316 1695 scilicet,
338 1620 513 1695 cellerariae,
535 1623 720 1698 grangiariae,
743 1624 896 1696 magisterii
908 1618 925 1700 ¹)
946 1623 1136 1694 noviciorum,
1157 1637 1214 1696 gra·

194 1708 282 1768 datim
304 1715 408 1781 tamen,
430 1709 561 1766 omnibus
575 1707 854 1783 irreprehensibiliter
870 1707 1082 1782 administratio,
1102 1709 1214 1784 graviter

193 1795 360 1868 infirmatus,
381 1801 500 1853 mortem
508 1791 528 1873 ²)
551 1793 652 1852 adesse
676 1793 755 1853 dolor
776 1795 930 1854 vehemens
952 1793 1099 1854 indicavit
1137 1793 1213 1852 Cuius

193 1881 306 1940 labores
327 1880 429 1940 Abbas
452 1880 649 1955 considerans,
671 1883 700 1938 in
713 1881 839 1940 domum
860 1883 1041 1940 secretiorem
1063 1898 1130 1941 eum
1155 1879 1212 1955 poni

193 1969 267 2040 fecit,
290 1974 411 2041 quatuor
430 1966 467 2026 ad
490 1969 676 2027 ministerium
697 1970 758 2027 eius
781 1967 923 2043 deputatis
932 1964 962 2046 ³).
996 1967 1050 2026 Ille
1071 1984 1139 2032 vero
1160 1965 1214 2023 licet

193 2053 331 2132 gauderet
363 2053 398 2112 de
431 2053 598 2128 solitudine,
630 2055 796 2116 tristabatur
828 2061 923 2114 tamen
952 2053 988 2112 dc
1017 2053 1142 2113 exhibito
1167 2051 1214 2108 bo·

194 2158 278 2215 nore,
315 2139 411 2198 dicens
447 2140 570 2200 Abbati:
609 2141 723 2200 Fratres
759 2143 806 2200 isti
840 2140 984 2217 vigilando
1020 2147 1107 2215 atque
1141 2139 1214 2196 labo-

194 2227 282 2286 rando
312 2233 378 2285 sunt
408 2226 491 2301 lassi,
525 2244 618 2302 neque
651 2227 721 2286 milri
752 2235 819 2286 sunt
850 2229 1010 2286 necessarii.
1060 2227 1149 2286 Grata
1178 2231 1214 2282 cst

194 2314 262 2372 mihi
283 2313 414 2388 solitudo,
436 2331 529 2388 neque
551 2317 646 2372 minus
666 2314 744 2372 solus
766 2332 823 2387 ero,
845 2332 910 2372 cum
931 2313 1008 2373 solus
1034 2310 1119 2393 arel).
1159 2310 1215 2369 Non

193 2402 268 2462 enim
291 2399 368 2460 solus
391 2407 434 2458 est
456 2403 501 2458 cui
515 2400 628 2476 praesul
650 2409 679 2459 at
701 2407 797 2460 eustos
812 2401 954 2460 Dominus
976 2400 1065 2459 adest.
1097 2399 1128 2459 Si
1141 2412 1214 2457 careo

193 2489 339 2546 hominum
354 2487 500 2561 obsequio,
523 2485 607 2546 credo
623 2487 700 2561 qnod
720 2505 778 2546 non
793 2487 881 2546 deerit
899 2487 1070 2562 praesidium
1087 2485 1122 2546 de
1136 2483 1214 2544 coelo.

192 2573 309 2634 Abbate
330 2573 488 2648 recedente,
510 2580 538 2632 ct
559 2573 597 2632 ad
618 2591 762 2634 sermones
784 2578 844 2634 eius
865 2576 958 2632 minus
971 2572 1143 2646 attendente,
1162 2573 1215 2645 ipse

191 2663 291 2721 fratres
312 2660 390 2718 abire
412 2660 563 2735 compulit,
584 2659 786 2735 lucernamque
809 2663 982 2742 extinguere.
1023 2659 1121 2719 Media
1140 2663 1215 2715 nocte

192 2749 290 2808 Priore
321 2747 436 2806 iubente
465 2749 494 2803 irr
524 2746 644 2805 eandem
666 2746 782 2806 domurn
803 2749 841 2806 ad
863 2746 998 2807 dicendas
1018 2746 1104 2806 boras
1124 2743 1214 2803 minuti

192 2837 379 2906 conveniunt,
402 2835 523 2908 etvignis
545 2851 682 2894 accensus
705 2840 762 2908 est,
791 2836 858 2909 quia
878 2833 1000 2910 hyemps
1022 2839 1091 2894 erat
1131 2830 1215 2889 Dictis

191 2922 337 2980 matutinis
358 2921 484 2978 visitavit
505 2936 571 2978 eum
592 2920 686 2996 Prior,
717 2921 850 2980 iratribus
878 2919 984 2979 lectum
1013 2921 1075 2980 eius
1102 2919 1214 2978 circum·

191 3008 342 3067 stantibus.
357 3021 369 3054 r
384 3006 496 3081 Quibus
523 3008 578 3065 ait:
611 3008 686 3068 Tota
713 3014 797 3067 nocte
819 3007 1060 3066 sollemnizabam.
1102 3004 1132 3066 Si
1152 3018 1214 3062 ceu·

190 3099 251 3152 tum
272 3092 384 3169 linguas
406 3093 557 3167 haberem,
578 3095 704 3153 internae
726 3095 906 3154 iocunditatis
927 3092 1064 3169 gaudium
1086 3090 1214 3167 explicare

190 3195 247 3238 non
258 3195 382 3255 possem.
413 3179 481 3240 Vidi
496 3179 627 3240 deificum
640 3180 745 3260 lumen,
767 3181 863 3240 audivi
875 3179 1028 3240 coelestem
1040 3177 1213 3244 harmoniam,

189 3265 301 3324 iuterfiri
324 3265 416 3324 choris
430 3266 612 3345 psallentium
632 3270 662 3326 in
677 3266 766 3327 coelo.
798 3267 865 3327 Aah
880 3284 966 3342 qnam
980 3265 1117 3339 ordinate,
1137 3277 1213 3338 quam

191 3352 335 3425 distincte,
363 3369 451 3426 quam
478 3360 639 3412 reverenter
667 3354 837 3429 psallebant.
879 3356 976 3414 Voces
1006 3353 1120 3429 quidem
1141 3353 1213 3408 eraut

189 3438 296 3498 multae
325 3445 353 3498 et
382 3438 526 3514 diversae;
555 3439 607 3498 sed
636 3439 876 3514 quemadmodum
896 3442 925 3500 in
954 3440 1075 3517 cythara
1100 3439 1212 3498 varietas

190 3525 339 3584 cordarum
360 3524 528 3582 uniformem
550 3525 642 3581 reddit
663 3533 840 3600 concentum,
861 3529 902 3585 ita
924 3543 1041 3586 concors
1062 3525 1110 3585 illa
1128 3523 1212 3581 direr-

189 3614 258 3672 sitas
279 3613 308 3668 in
329 3626 415 3667 unam
438 3610 625 3666 conveniebat
643 3609 803 3682 melodiam,
825 3629 911 3686 supra
932 3612 1090 3671 humanum
1109 3623 1211 3669 sanum

207 3725 354 3792 1)codiccs
378 3723 581 3788 magisterio.
609 3750 641 3759 -
666 3723 698 3790 2)
716 3722 759 3774 CF
786 3725 971 3778 infirmatus
993 3737 1049 3780 est.
1084 3727 1213 3779 Mortem.

258 3824 289 3834 ..
309 3794 340 3861 3)
358 3793 379 3846 Ε
397 3793 467 3842 cius
489 3788 665 3856 deputans,
688 3789 710 3842 B
728 3793 758 3842 ci
776 3791 955 3858 deputans.
982 3825 1012 3836 -
1032 3798 1066 3862 4)
1084 3797 1104 3848 D
1121 3795 1212 3847 luero.
