2524 4252
182 251 244 314 338
452 247 680 312 DISTINOTIO
705 247 948 313 DUODEOIMA

180 375 285 450 prima,
314 370 383 448 quid
411 361 514 432 viderit
534 371 645 432 Abbati
667 372 838 450 Olaricampi
864 379 894 434 et
922 370 1093 450 quibusdam
1112 388 1199 446 mona·

181 459 242 520 chis
265 461 340 535 cius,
368 477 422 520 nec
450 477 508 518 non
538 465 567 519 et
592 460 662 518 mihi
691 462 741 536 qui
761 466 829 532 tuno
850 477 986 537 praesens
1007 477 1086 520 eram
1106 459 1197 536 retulit3

111 541 116 556 ⁴
180 563 234 606 nec
255 551 317 606 erat
338 549 387 622 qui
407 549 500 606 visum
521 547 698 624 intelligeret,
719 546 767 608 val
787 549 965 624 interpretari
980 550 1087 624 posset.
1125 547 1198 607 licel-

180 638 242 692 tata
262 639 306 694 est
326 635 399 692 visio
421 634 565 692 sororibus
587 634 623 694 de
643 633 803 710 Nazareth,
826 634 877 694 sed
898 651 957 694 non
978 640 1023 694 est
1040 635 1150 694 inventa
1166 633 1198 692 ibi

78 715 81 720 ’
180 717 281 780 Maria.
325 720 423 788 Sciens
452 737 520 779 vero
550 720 732 796 saepedictus
753 719 856 780 Abbss
882 727 942 780 tarn
969 720 1143 782 inmissum
1160 721 1196 778 vi·

181 808 291 867 sionem
319 807 373 866 sibi
401 809 462 866 sine
495 823 583 866 causa
611 809 727 868 minime
748 814 909 882 ostensam,
938 825 1006 868 cum
1034 808 1197 868 venissetis

180 893 260 971 Syon
289 910 363 969 quaa
392 897 477 954 etiam
507 893 608 952 domus
638 900 681 954 est
708 895 965 954 sanctimonialium
994 894 1098 953 ordinis
1123 893 1196 952 nosti

158 983 254 1047 ‚siout
276 987 305 1040 et
326 981 477 1055 Nazareth,
499 987 564 1055 post
584 982 675 1040 verba
696 981 898 1041 exhortationis
921 983 1063 1040 somnium
1073 977 1090 1060 ¹)
1110 979 1196 1054 rsnrlit,

178 1067 302 1127 Mariam
323 1085 406 1127 suam
423 1062 608 1144 investigans.
649 1069 688 1126 Et
709 1085 776 1128 ecce
797 1086 856 1127 una
872 1067 1126 1128 sanctimonialium
1143 1083 1195 1124 rna·

179 1160 283 1214 tertera
305 1154 433 1213 eiusdem
453 1153 563 1214 Marias
585 1155 656 1214 haec
665 1151 685 1234 ²)
708 1154 827 1214 audiens
849 1161 879 1214 et
899 1154 1058 1228 admirans,
1078 1155 1196 1218 secretius

178 1240 288 1300 Abbati
313 1239 410 1300 locuta
439 1247 483 1300 est
511 1241 622 1300 dicens:
651 1241 791 1316 Domine,
819 1241 912 1301 Maria
938 1241 1011 1300 haec
1032 1240 1090 1300 iilia
1109 1241 1196 1300 sororis

178 1343 260 1386 meae
281 1327 341 1401 luit,
364 1329 584 1387 sanctimonialis
605 1330 635 1386 in
657 1328 782 1404 quodam
805 1328 928 1388 claustro
942 1328 1052 1388 Frisios
1072 1329 1138 1404 nigri
1157 1343 1196 1384 or-

179 1415 261 1488 dinis,
283 1413 361 1489 quod
375 1413 541 1474 Brsdelrorn
562 1423 691 1489 vocatur,
713 1423 742 1474 et
763 1421 893 1475 estante
915 1420 980 1474 octo
1003 1430 1093 1474 annos
1109 1412 1196 1472 deiun-

179 1506 234 1560 cta
267 1501 348 1577 Quae
370 1519 435 1560 cum
456 1502 555 1561 fuisset
576 1503 605 1560 in
623 1501 748 1577 quadam
769 1505 888 1579 grangia
905 1503 1077 1576 monasterii,
1097 1499 1196 1574 quidam

178 1587 298 1648 clericus
328 1605 394 1670 sam
420 1591 545 1666 corrupit
566 1594 595 1648 et
614 1590 831 1665 impraegnavit.
865 1587 947 1668 ¹(ium
976 1604 1045 1648 vero
1073 1589 1101 1646 in
1125 1591 1195 1664 partu

176 1675 390 1751 periclitaretur,
411 1692 519 1734 vocans
539 1683 650 1752 patrem
672 1681 701 1752 ct
714 1673 834 1735 matrem
850 1680 879 1734 et
901 1673 973 1734 duas
989 1668 1125 1754 sorores¹)
1143 1689 1195 1730 rna·

178 1764 293 1837 ritatas,
314 1779 367 1822 neo
389 1779 446 1820 non
470 1768 498 1821 st
518 1762 607 1821 filiam
628 1767 797 1822 materterae
819 1779 889 1821 suae
911 1761 947 1820 de
968 1761 1064 1839 Syos,
1085 1759 1195 1821 eouiessa

179 1855 223 1908 est
245 1851 285 1908 eis
306 1855 458 1924 peccatum
479 1865 573 1922 suum,
594 1865 659 1908 cum
680 1851 789 1925 gemitu
804 1848 913 1926 cordis;
935 1851 1034 1924 sicque
1053 1847 1194 1924 exspuavit

178 1935 224 1994 Illi
244 1953 313 1994 vcro
336 1936 370 1994 dt
392 1938 505 1994 animae
527 1937 588 1994 eius
609 1936 701 1994 salute
724 1935 923 2011 desperantes,
944 1934 1015 1993 nihil
1037 1938 1062 1994 ei
1083 1932 1194 1995 beneficii

178 2023 384 2099 impenderunt.
426 2021 555 2083 Audiens
577 2022 649 2082 haec
672 2023 803 2082 dominus
817 2021 928 2097 Abbas,
949 2024 1056 2098 gratias
1070 2020 1195 2098 egitllso,

179 2111 227 2185 qui
254 2127 312 2168 non
339 2108 425 2167 tradit
446 2110 543 2168 bestiis
572 2112 697 2168 animam
726 2107 908 2169 confitentem
937 2110 1007 2184 sibi,
1035 2114 1063 2168 et
1089 2109 1194 2168 animam

134 2257 138 2268 ,
177 2200 311 2272 pauperis
333 2199 377 2254 sui
398 2213 456 2254 non
478 2203 522 2255 est
542 2196 647 2256 oblitus
669 2199 699 2254 in
720 2193 845 2276 lineml),
867 2198 961 2255 sciens
982 2199 1012 2254 in
1034 2213 1068 2256 sa
1086 2191 1194 2269 comple·

177 2281 253 2342 t'um:
281 2284 320 2342 Ia
349 2301 525 2359 quocunque
554 2285 629 2342 hora
655 2291 791 2359 peccator
812 2285 1001 2358 inposuerit,
1030 2283 1127 2342 actoru
1144 2281 1194 2338 crit

179 2369 266 2429 Cuius
295 2370 417 2428 hortatu
438 2375 570 2444 parentes
592 2387 643 2446 spe
666 2377 820 2445 concepta,
852 2375 1008 2445 coeperunt
1028 2372 1055 2428 ci
1075 2366 1194 2428 beneficia

178 2456 356 2532 impendere3
389 2457 440 2516 sed
473 2463 502 2516 et
533 2459 595 2532 ipse
623 2455 726 2516 Abbas
755 2462 814 2516 tam
843 2459 872 2515 in
901 2458 1079 2516 monasteriis
1104 2454 1194 2514 Frisios

179 2561 266 2620 quam
287 2543 475 2619 inreligiosis
498 2543 628 2602 domibus
649 2545 812 2618 provinciae
841 2549 955 2602 nostrae
973 2545 1076 2602 missas
1097 2547 1123 2602 et
1140 2555 1194 2600 ora·

119 2623 123 2630 ’
178 2633 271 2692 tiones
300 2637 387 2706 atqua
414 2630 549 2706 psalteria
568 2629 690 2706 plurima
712 2632 739 2690 ei
760 2631 896 2706 obtinuit,
925 2632 1053 2706 exceptis
1073 2628 1115 2688 his
1135 2641 1193 2704 quac

181 2720 243 2794 ipse
266 2721 291 2779 ei
313 2717 475 2808 specialiter
494 2715 641 2794 impendit

503 2907 738 2971 CAPITULUM
757 2907 891 2969 XXVII.

192 3034 240 3090 De
255 3035 438 3108 propatoric
461 3031 615 3092 cuiusdam
637 3038 794 3090 matrorrcc
810 3037 936 3106 propter
957 3037 1038 3092 astes
1059 3030 1182 3106 mopiam

241 3152 325 3214 Miles
338 3152 455 3229 quidam
472 3155 590 3212 veniens
605 3150 643 3210 ad
654 3168 781 3211 sororem
794 3150 964 3210 Bertradam
973 3147 994 3232 ⁵)
1015 3150 1146 3211 inclusam
1163 3142 1190 3204 io

178 3237 425 3315 Volmuntstciue,
448 3241 521 3299 sicut
542 3240 580 3299 ab
608 3241 668 3298 eius
690 3256 739 3298 ore
761 3238 870 3298 audivit
889 3237 995 3297 Daniel
1016 3238 1115 3298 Abbas
1133 3233 1191 3294 Sco·

190 3326 279 3384 taviae
294 3329 343 3401 qui
356 3328 440 3386 nobis
462 3325 560 3386 audita
578 3328 715 3401 recitavit,
736 3342 787 3401 pro
803 3329 899 3384 anima
919 3326 1017 3384 uxoris
1040 3341 1107 3384 suae
1119 3333 1191 3396 nuper

194 3411 327 3472 ¹eiunstaa
347 3413 387 3470 illi
409 3414 588 3490 supplicavit.
632 3413 685 3471 Oui
708 3414 799 3472 oranti
819 3412 869 3471 illa
890 3427 1040 3489 apparens,
1061 3415 1089 3470 irr
1109 3405 1190 3486 poenis

194 3502 286 3577 ragnis
315 3517 346 3559 sc
369 3517 432 3559 esse
454 3505 611 3576 conquesta
632 3505 684 3559 est.
717 3499 800 3576 Quae
830 3499 897 3558 dum
919 3517 1037 3559 causam
1058 3494 1189 3572 requireret

190 3604 348 3663 menarum,
379 3604 412 3646 eo
439 3586 516 3662 quod
538 3604 589 3662 pro
611 3586 734 3646 honesta
756 3592 785 3645 et
805 3586 884 3645 bona
904 3585 1022 3646 muliere
1043 3585 1189 3648 haberetur,

195 3758 226 3828 1)
244 3757 435 3821 Bsomnum,
452 3756 474 3808 l)
492 3756 659 3808 visionem.
673 3787 702 3796 —
719 3757 751 3825 2)
767 3755 829 3809 BCF
847 3757 914 3808 hoc.
928 3785 958 3798 -
978 3757 1011 3826 3)
1029 3751 1106 3810 aaut
1122 3759 1187 3803 rurs.

246 3859 277 3872 ι-
297 3829 329 3901 4)
350 3827 412 3880 Psal.
433 3827 535 3892 73,19.
556 3857 585 3866 -
606 3827 638 3896 5)
657 3825 699 3880 CF
718 3825 912 3880 Bertradem.
