2512 4254
178 277 239 338 icc
391 259 396 275 ’
485 271 713 338 nranimento
737 273 903 338 connvn

166 401 321 476 episcopo.
363 399 417 460 (lui
437 413 504 460 enm
528 407 595 476 pout
621 404 742 459 mortem
768 399 850 459 multi
871 398 1065 476 detraherent,
1085 399 1201 459 dlcentes

162 503 243 546 <cum
270 485 456 546 ecclesiarum
481 485 567 546 luisse
597 486 852 546 demembratorem
864 482 898 566 ¹),
920 493 949 547 et
970 487 1076 547 civium
1093 501 1201 566 anrnm

176 581 400 649 excaecatorem,
421 575 563 634 Dominus
572 571 654 634 Deus
668 577 698 632 in
712 573 896 634 mansladone
909 573 995 649 dliua
1008 579 1128 650 quantae
1136 588 1202 632 san-

174 663 281 720 ctitutis
297 668 381 737 esset,
402 661 489 739 signis
510 660 638 736 plurimis
660 659 792 720 ostendit.
834 657 1037 722 NOVIOIUS:
1059 659 1201 720 Probabile

175 753 221 808 ost
248 745 326 824 quod
352 748 438 825 dieis;
468 746 520 808 sed
546 748 624 807 aliud
646 753 690 808 est
711 747 789 823 quod
809 765 857 807 me
876 755 985 807 movet.
1026 745 1117 825 Saepe
1135 763 1202 806 con-

174 837 259 912 tingit
288 841 321 894 ut
341 849 394 911 pro
416 834 541 911 reliquiis
562 841 725 894 sanctorum
746 835 820 894 aliae
841 851 887 894 res
906 835 1082 909 habeantur,
1108 839 1135 894 et
1150 849 1201 910 pro

175 925 249 982 verm
277 922 350 982 false
377 927 555 981 venerentur.
598 920 740 981 Videntur
762 923 815 982 tibi
842 920 1006 982 huiusmodi
1032 925 1202 982 veneratores

174 1021 295 1086 peccare
316 1027 353 1067 an
374 1007 497 1068 mereri?
518 1003 755 1068 MONAOHUSr
775 1007 845 1068 Meo
871 1008 978 1068 iudicio
1004 1007 1202 1086 ignorantiain

172 1095 280 1155 talibus
300 1100 419 1155 excusat
439 1094 569 1172 ctdpam3
593 1097 686 1172 pietas
707 1101 831 1154 meretur
851 1097 984 1172 gratim.
1025 1092 1091 1155 Hoc
1109 1103 1201 1154 verum

175 1195 239 1242 csse
268 1187 376 1242 certum
404 1187 463 1256 est,
491 1183 559 1258 quia
587 1181 760 1257 quandoque
782 1181 924 1242 Dominus
951 1197 1005 1258 per
1031 1182 1115 1242 salsas
1139 1179 1202 1240 reli·

174 1272 258 1344 quies
285 1268 323 1328 ad
350 1268 488 1328 honorem
516 1275 680 1328 sanctorum
709 1271 813 1345 quibus
841 1269 1037 1345 ascribuntur,
1070 1273 1107 1328 et·
1122 1262 1201 1346 fidel

173 1355 379 1416 honorantibus
399 1352 493 1434 illas³)
516 1355 655 1415 miracula
676 1362 819 1432 operatur.
860 1353 952 1416 Verbi
972 1352 1101 1435 gratim).

390 1607 395 1615 .
519 1553 752 1626 CAPITULUM
770 1560 869 1625 LXX.
998 1549 1000 1555 Α

195 1687 244 1748 Dc
262 1687 351 1766 freno
370 1705 425 1764 peu
447 1686 530 1762 quod
548 1687 645 1746 multa
665 1685 775 1764 fiebant
795 1687 953 1759 mirando,
975 1704 1044 1746 cum
1065 1686 1184 1746 amcos

378 1777 520 1851 martyria
542 1791 601 1834 ease
620 1780 781 1849 putaretur
802 1780 831 1832 et
850 1790 914 1832 noua
934 1780 1013 1833 esset

238 1913 323 1974 Miles
365 1912 482 1990 quidam
519 1912 697 1989 praedictum
733 1919 887 1990 martyrem
921 1913 1040 1972 beatum
1072 1909 1202 1971 Thomum

175 1996 409 2060 cantuariensem
428 1999 623 2060 ardentissime
641 1999 769 2077 diligens,
791 2003 815 2058 si
835 1997 944 2076 aliquid
965 1998 1001 2059 de
1021 1997 1096 2058 illius
1114 2000 1203 2076 posset

173 2086 281 2147 habere
293 2087 419 2162 reliquiis
438 2089 659 2164 circumquaque
680 2089 871 2164 investigavit.
912 2085 978 2147 Hoc
1000 2103 1067 2146 eum
1087 2084 1203 2146 audisset

174 2173 293 2250 quidam
315 2173 430 2234 dolosus
452 2173 587 2234 sacerdos
608 2176 637 2233 in
660 2176 740 2233 cuius
763 2174 848 2233 domo
869 2169 1077 2250 hospitabatur,
1098 2174 1137 2232 ait
1155 2169 1202 2229 illi:

174 2257 238 2340 ligo
251 2261 429 2336 denumquo
443 2261 575 2320 diuusus
597 2267 641 2320 est
661 2262 764 2321 beatius
786 2257 913 2320 Thomas
934 2277 1023 2336 penes
1044 2277 1091 2321 me
1110 2259 1203 2328 habeo,

175 2354 205 2408 et
224 2363 311 2425 saepe
331 2350 452 2408 diuites
472 2350 533 2408 eius
555 2353 688 2425 expertus
710 2363 782 2406 sum.
826 2346 913 2424 Quod
933 2348 1015 2407 miles
1037 2347 1203 2419 audiens,ct

173 2437 215 2494 ita
236 2451 298 2496 esse
319 2442 433 2512 putans,
454 2434 597 2494 sacerdoti·
614 2437 767 2511 pecuniam
787 2434 962 2510 poshrlatam
983 2433 1077 2494 laetus
1098 2429 1202 2500 obtulit,

174 2522 335 2582 etherium
355 2537 421 2581 cum
441 2522 532 2581 multa
553 2521 706 2583 devotione
727 2524 843 2598 recepit
884 2519 965 2580 Deus
986 2537 1056 2581 vero
1079 2523 1123 2581 cui
1142 2513 1203 2577 nihil

173 2615 219 2670 est
238 2605 427 2686 impossibile,
451 2608 538 2668 fidem
558 2609 653 2668 militis
675 2624 855 2668 remunerare
875 2608 989 2683 volans,
1018 2607 1057 2667 ad
1077 2609 1201 2668 honorem

172 2698 218 2757 sui
247 2698 379 2774 martyris
405 2695 497 2755 multa
524 2709 575 2772 per
595 2694 672 2756 idem
691 2697 802 2754 frenum
822 2696 917 2754 lacere
939 2695 1073 2772 dignatus
1094 2699 1137 2755 cst
1154 2690 1201 2751 rni-

172 2779 279 2844 ucula.
322 2783 408 2860 Quod
420 2783 502 2842 miles
520 2782 710 2858 considerans,
730 2784 760 2842 in
780 2783 889 2842 honore
909 2781 1043 2859 martyris
1063 2781 1201 2843 ecclesiam

173 2871 314 2948 condidit,
346 2871 411 2930 loco
445 2869 627 2945 reliquiarum
654 2870 765 2930 frenum
792 2869 949 2929 sacerdotis
976 2871 1094 2946 pessimi
1119 2871 1146 2927 in
1171 2879 1201 2922 eu

172 2969 323 3034 reponens.
366 2957 423 3017 Hic
451 2959 488 3017 sit
514 2956 578 3016 linis
606 2955 822 3017 derisionibus
842 2961 1015 3032 martyrum,
1041 2958 1110 3033 quia
1130 2965 1201 3014 com-

171 3045 277 3120 pendio
304 3045 485 3120 advolans,
513 3042 552 3104 ad
580 3045 708 3104 ordinem
729 3045 831 3104 festino
852 3044 1054 3106 confessorum.
1096 3033 1200 3103 NOVI·

171 3127 277 3190 cius:
302 3131 356 3210 Qui
377 3133 434 3191 sint
455 3131 647 3208 confessores,
673 3137 814 3208 et'quare
835 3133 877 3192 sio
899 3130 984 3207 dicti,
1002 3130 1073 3191 mihi
1094 3129 1200 3197 edicito;

170 3221 274 3294 postea
292 3218 418 3278 visiones
438 3219 604 3298 subiungas.

467 3437 904 3493 ψ

191 3791 223 3862 i]
240 3756 599 3931 argemundum.
618 3814 648 3828 -
669 3786 702 3857 a)
718 3785 764 3840 uc
785 3785 894 3840 ricem.
914 3817 944 3828 -
964 3783 998 3858 a)
1015 3785 1105 3845 anco
1121 3783 1195 3840 tuo

243 3891 274 3902 ···
403 3874 507 3912 caiisa.
