2506 4254
382 312 386 321 '
416 325 470 387 ron
495 323 721 388 mmncums.
768 319 772 327 '
1022 331 1083 388 aro

70 449 179 524 arripnit.
221 447 275 508 Cui
295 451 425 524 'persona
452 459 574 526 magnae
606 450 781 510 reverentiae
801 444 862 528 in1)
884 465 958 523 equo
980 465 1083 509 ocem-

69 553 123 594 rens
148 539 231 610 atque
258 534 401 611 salutans,
428 538 481 594 ait:
515 535 573 594 Cur
591 538 635 596 sio
655 538 731 596 bone
752 535 839 594 homo
861 535 939 594 solus
959 531 1083 609 incedis,

70 621 108 681 vel
126 622 196 681 uude
216 620 318 681 venis?
343 622 562 697 Respondentur
584 639 632 697 eo,
659 623 696 683 ab
718 621 907 698 Jerosolymis
929 623 1026 696 venio,
1055 630 1085 681 et

70 711 103 768 ric
127 714 208 784 etque
228 711 270 768 sie
291 707 362 766 mihi
384 711 514 785 contigit,
546 709 593 768 ille
613 711 742 785 protinus
764 709 922 768 subiunxit:
951 706 1083 768 Ascende

71 795 178 854 alsede
204 801 271 872 post
296 801 409 872 tergum
436 813 548 870 meum,
576 797 650 856 bene
677 799 860 870 inscqnemur
888 795 982 854 socios
1010 802 1084 854 tuos.

71 880 143 958 Quod
169 899 232 940 cum
259 882 387 957 fecisset,
415 881 517 941 eadem
539 881 584 942 dic
605 881 684 941 iuxta
704 882 879 958 praedictam
900 880 997 939 villam
1017 899 1090 940 eum

71 967 185 1043 deposuit
209 969 320 1028 dicens:
342 967 498 1045 Cognoscis
519 971 567 1028 ubi
589 967 647 1027 sisi
689 968 811 1028 Dicente
831 967 888 1042 illo,
909 969 1085 1043 provinciam

72 1054 171 1129 quidem
190 1051 361 1135 agnosco²),
392 1055 444 1114 sed
466 1055 534 1130 quid
555 1057 630 1115 cirea
651 1073 698 1116 me
724 1061 826 1132 egetur
853 1057 967 1130 ignor03
997 1071 1084 1129 eques

72 1141 171 1200 adiecit:
192 1141 266 1217 Quia
281 1141 424 1200 Christum
439 1141 592 1216 honorasti,
609 1141 714 1200 idcirco
729 1145 834 1200 missus
848 1159 913 1200 sum
934 1148 968 1200 ut
987 1149 1015 1200 te
1037 1157 1083 1200 re-

72 1225 196 1288 ducerem.
236 1228 315 1287 Eccc
342 1227 443 1287 domus
470 1235 536 1304 tua,
564 1229 639 1288 vade
668 1233 698 1288 et
731 1245 831 1289 enarra
859 1227 998 1287 mirabilia
1024 1229 1085 1286 cius
1121 1243 1122 1246 ’

71 1330 135 1388 qnae
160 1317 232 1374 eirea
259 1321 290 1374 te
318 1321 400 1390 gesta
428 1321 501 1374 sunt.
545 1314 637 1390 Quem
667 1331 732 1374 cum
764 1317 825 1374 noti
852 1317 913 1374 cius
935 1314 1085 1388 vidissent,

71 1399 262 1477 dixissentque,
282 1401 334 1459 nbi
355 1408 421 1460 sunt
442 1403 513 1460 socii
533 1400 597 1459 tuli
619 1401 776 1476 respondit:
805 1400 900 1461 Hodie
920 1402 960 1460 fui
980 1404 1010 1460 in
1025 1400 1086 1462 ¹Je-

70 1487 191 1563 rusalem,
212 1493 241 1546 et
269 1487 444 1562 reliqnemnt
470 1505 516 1546 me
537 1485 625 1568 heri³)
651 1487 773 1562 ibidem,
801 1486 1004 1562 praecedentes
1030 1505 1085 1548 me.

70 1573 103 1632 lit
119 1591 172 1634 non
192 1573 371 1634 crediderunt
391 1576 425 1649 ei,
446 1574 585 1634 dicentes:
606 1567 701 1634 Senex
721 1577 774 1634 iste
796 1573 903 1633 delirat.
947 1575 1002 1650 Qui
1025 1580 1085 1634 sta-

70 1661 114 1718 tim
132 1663 286 1721 concivium
306 1662 543 1721 subsannationes
561 1661 714 1737 dechnans,
736 1677 801 1720 oum
822 1662 943 1736 pecunia
964 1677 1039 1736 quae
1061 1663 1086 1720 ei

71 1755 202 1823 supererat
222 1744 285 1826 exi)
308 1751 398 1824 gratia
420 1749 550 1808 coelestis
568 1750 754 1822 convectoris,
773 1747 870 1805 limina
891 1748 969 1807 beati
981 1746 1086 1806 Jacobi

71 1831 189 1910 Apostoli
207 1836 323 1910 petivit,
350 1841 379 1893 et
399 1841 553 1911 antequam
577 1837 647 1894 socii
661 1837 729 1896 eius
750 1834 888 1908 redirent,
915 1835 976 1910 ipse
997 1833 1087 1892 rediit.

70 1918 172 1996 Duplici
190 1923 276 1998 igitur
284 1919 304 2002 ⁶)
325 1923 485 1980 testimonio
506 1921 694 1998 glorificatus,
722 1923 934 1997 peregrinorum
955 1921 1089 1980 videlicet

71 2007 138 2082 quod
155 2011 183 2067 in
202 2008 318 2067 Pascha
337 2011 367 2066 in
386 2006 549 2067 Jerusalem
571 2010 607 2066 sit
627 2009 755 2083 relictus,
777 2014 806 2066 et
828 2010 987 2067 concivium
1009 2007 1087 2084 quod

72 2093 110 2153 die
127 2097 252 2171 sequenti
272 2097 301 2153 in
322 2094 419 2154 Ehelo
441 2097 478 2153 sit
498 2097 592 2171 visus,
616 2096 653 2154 ab
676 2097 803 2169 ubisque
824 2094 1023 2170 magnificatus
1045 2101 1088 2154 est

70 2179 205 2257 Dominus,
221 2188 302 2241 tanta
316 2180 454 2240 mirabilia
464 2178 485 2260 ⁶)
500 2181 606 2256 ubique
620 2181 807 2258 divulgantes.
833 2179 1034 2240 NOVIGIUS:
1058 2179 1089 2239 Si
1177 2192 1179 2198 ’

72 2265 201 2330 Germdus
216 2268 253 2330 do
269 2268 448 2343 Holeubach‚
467 2269 541 2328 sicut
557 2268 721 2327 dictumest
742 2270 772 2326 in
790 2266 968 2327 distinctione
985 2275 1088 2328 octava

71 2355 183 2431 capitulo
204 2357 439 2432 quiuquagesimo
461 2351 579 2434 nono'),
607 2355 760 2415 translatus
781 2361 826 2414 est
846 2356 875 2412 in
896 2357 954 2414 ictu
976 2361 1088 2429 tempo-

71 2443 103 2500 ris
128 2443 162 2504 ab
189 2441 272 2503 ludia
303 2445 332 2500 in
363 2443 538 2518 provinciam
558 2448 685 2500 nostram
707 2442 861 2500 ministerio
883 2440 1002 2516 diaboli,
1034 2440 1089 2500 Dei

71 2535 157 2588 umen
181 2535 350 2605 praecepto,
381 2545 445 2586 nou
464 2526 520 2586 hoc
541 2530 627 2586 miror
650 2527 685 2587 de
708 2527 823 2589 coelesti
848 2529 961 2587 nuncio.
1005 2526 1090 2586 Anti-

72 2630 123 2692 qua
140 2618 240 2674 nostris
261 2615 436 2691 temporibus
457 2620 631 2673 renovantur
651 2613 795 2674 miracula.
838 2614 938 2674 Helias
960 2615 1090 2673 Tesbites

72 2717 117 2776 por
142 2700 279 2782 currum⁸)
309 2708 337 2762 et
364 2718 454 2776 equos
475 2707 573 2777 raptus
596 2707 639 2760 est
659 2704 689 2759 in
710 2700 874 2777 paradisum
885 2697 921 2779 ⁹);
955 2701 1091 2762 hisvero

72 2803 123 2846 non
141 2791 230 2848 minus
254 2788 422 2848 miraculose
442 2805 494 2863 per
515 2805 620 2862 equum
643 2795 671 2848 et
693 2791 817 2863 equitem
838 2790 867 2846 in
886 2787 996 2846 monde
1017 2793 1092 2845 tem-

73 2877 141 2948 poris
159 2881 336 2935 hausvcotus
368 2881 412 2936 est
432 2890 484 2949 per
505 2873 595 2932 multa
616 2877 709 2951 spatia
731 2875 815 2932 maris
838 2881 924 2949 atque
943 2879 1091 2933 terrarum.
1143 2875 1148 2882 '

73 2957 292 3040 MONACHUS:
313 2961 376 3037 Ego
397 2968 492 3020 mcum
512 2963 612 3020 sentio.
655 2959 733 3020 Audi
754 2976 830 3020 nunc
850 2960 948 3038 aliqua
969 2959 1004 3020 do
1026 2977 1093 3039 pcr-

73 3049 144 3130 sonis
160 3049 263 3109 ordinis
283 3051 373 3108 nostri
392 3045 537 3117 miracula.
770 3047 771 3051 ’

422 3221 656 3282 cumrerum
684 3219 740 3280 111.
772 3174 774 3178 ’

138 3342 182 3402 Dc
202 3344 345 3403 monacho
368 3344 461 3403 idiota
483 3348 535 3420 qui
557 3348 588 3402 iro
611 3347 719 3402 somnis
741 3347 851 3420 occepit
871 3346 1024 3404 scientiam

479 3431 684 3506 praedicandi.

132 3547 278 3614 Relatione
307 3550 486 3628 quorundam
507 3551 658 3612 Abbatum
680 3550 785 3610 ordinis
807 3553 896 3609 nostri
918 3548 1002 3608 didici
1024 3547 1100 3622 quod

79 3627 191 3700 domus
222 3656 298 3698 sum.
343 3637 503 3699 Monachus
537 3637 653 3714 quidam
685 3656 737 3716 per
768 3639 907 3698 visionem
935 3641 1103 3695 nocturnam

95 3748 122 3820 1)
138 3751 175 3804 ΟΡ
198 3755 243 3808 illi
268 3758 305 3808 in.
332 3785 362 3794 -
388 3735 425 3824 ἡ
438 3755 477 3808 ΟΡ
502 3770 675 3822 cognosco.
696 3784 725 3793 -
746 3753 778 3818 3)
804 3753 876 3804 heri
894 3768 935 3803 om
954 3750 1001 3804 ΟΡ.
1022 3778 1052 3788 -
1072 3751 1104 3816 4)

139 3821 201 3876 1le
219 3834 258 3876 et.
279 3855 309 3864 —
330 3827 360 3888 5)
379 3825 441 3877 coc
466 3839 552 3892 ergo.
574 3855 603 3864 -
623 3827 655 3888 6]
674 3823 714 3875 ΟΡ
735 3822 901 3875 miraculo.
921 3851 950 3860 -
971 3817 1105 3887 roschi

140 3901 260 3946 octavo.
281 3923 311 3934 -
331 3898 363 3961 ὃ)
382 3894 421 3947 GP
440 3911 566 3948 currus.
588 3923 615 3932 -
639 3894 672 3961 9)
690 3891 751 3959 lieg.
771 3890 812 3952 tl,
829 3891 854 3954 2,
874 3891 914 3941 11.
