2512 4254
161 276 223 338 104
470 271 698 338 nisumurio
721 271 929 336 ocsfivs

159 395 415 458 immisericorditer
431 396 493 456 sine
512 412 601 458 eausa
620 396 769 476 fustigavit
779 393 798 478 ¹)
816 413 873 458 me.
914 393 963 458 Ad
984 411 1072 474 quem
1091 407 1185 458 vocem

160 499 316 550 conversus
344 481 496 562 evigilans,
522 482 662 544 intellexit
691 483 768 560 quod
798 481 928 544 Christus
956 481 1084 544 adhue
1075 499 1105 540 m
1135 481 1186 540 uris

160 571 296 632 membris
322 575 476 648 pateretur.
523 568 728 632 NOVIOIUS:
761 569 818 630 Dic
850 586 974 647 quaeso,
1000 575 1081 632 seme
1100 565 1186 628 adhuc

143 657 258 736 'aliqua
295 657 353 717 alia
392 657 484 719 torma
515 655 665 734 despecta,
710 658 741 718 in
773 673 831 735 que
864 655 993 718 Christus
1028 651 1186 718 mortalibus

161 743 293 824 dignetur
312 742 470 822 apparere?
491 741 725 806 MONAOHUfir
748 743 853 806 Etiam.
884 743 979 804 Tanta
998 741 1188 806 minumum
1243 781 1245 804 ;

160 831 345 916 inchristo,
374 836 406 889 ut
434 829 587 904 aliquando
615 832 671 891 sub
699 830 798 908 figuris
825 828 1015 904 infirmorum,
1042 825 1187 906 aliquando

163 918 242 996 quod
255 875 377 996 amplius
391 923 443 992 eet,
455 919 565 996 species
579 916 758 998 leprosorum
771 934 929 992 assumens,
949 917 1034 977 nobis
1051 921 1188 994 apparent

162 1006 194 1068 Si
213 1007 336 1083 primum
349 1020 450 1063 verum
466 1019 524 1062 non
546 1010 630 1080 esset,
649 1021 834 1080 nequaquem
856 1003 989 1064 diceret
981 1021 1012 1063 ur
1023 1001 1188 1080 Evangelio
1251 1032 1252 1066 ι

160 1093 303 1169 Infirmus
328 1091 392 1167 fui,
422 1097 450 1150 et
477 1093 616 1150 ιιιιιαιιιι
642 1109 690 1150 mc
698 1087 730 1164 ²).
772 1089 821 1151 De
847 1089 975 1150 secundo
1003 1089 1073 1150 dicit
1091 1089 1188 1150 Isaiae:
1245 1103 1246 1108 ’

167 1181 242 1238 Vere
267 1179 427 1254 languores
451 1183 568 1237 nostroe
595 1179 658 1253 ipse
690 1177 774 1250 tulit,
803 1183 832 1238 ιι
859 1178 974 1237 dolores
1000 1182 1119 1237 austros
1137 1178 1189 1250 ipse

106 1419 111 1430 ,
161 1369 229 1413 sum
257 1370 278 1410 a
305 1352 388 1422 Deo,
416 1356 446 1410 ιι
474 1345 606 1432 ceterae).
655 1350 738 1414 Licet
760 1353 790 1410 in
810 1350 934 1427 Dialogo
956 1351 1048 1410 sancti
1070 1347 1190 1428 Gregorii

162 1445 192 1500 ιι
216 1441 246 1498 in
266 1438 330 1498 eliis
350 1437 421 1497 locis
440 1437 525 1513 plura
546 1437 648 1497 dehis
670 1442 821 1498 occurrant
842 1437 988 1514 exempla,
1008 1453 1068 1497 non
1089 1442 1190 1509 tamen,

163 1528 230 1603 quis
257 1527 298 1584 lta
324 1526 496 1600 promissum
518 1531 575 1599 est,
604 1525 656 1584 tibi
684 1524 779 1585 dicere
807 1523 875 1584 licet
901 1526 957 1584 nisi
983 1534 1081 1600 nova,
1105 1521 1135 1583 id
1155 1527 1191 1583 est
1245 1532 1254 1592 ἢ

160 1615 264 1673 nostris
284 1612 460 1691 temporibus
481 1615 572 1689 geste.

500 1782 733 1846 CAPITULUM
756 1783 862 1844 XXX.

161 1910 210 1971 De
230 1909 362 1970 chrico
390 1912 541 1968 ιοιιιιιιιιο
563 1907 707 1966 monacho
730 1905 939 1980 diacamilla,
966 1910 1019 1986 qui
1039 1909 1073 1966 ιἰι
1093 1907 1192 1966 soceris

282 1995 358 2056 vidit
378 1992 526 2056 comum
547 1995 715 2070 impostore
734 2010 790 2054 sco
812 1993 987 2076 eodemus,
1008 2010 1077 2054 eum

515 2080 649 2157 infirmus
672 2086 846 2144 moveretur.

225 2203 368 2264 Henricus
396 2207 559 2262 contractus
591 2201 776 2262 Claraevallis
795 2202 967 2278 monachus,
996 2201 1078 2263 culus
1098 2201 1193 2263 memi-

161 2294 191 2352 ni
211 2291 242 2350 in
263 2289 442 2350 distinctione
461 2291 554 2365 prima
575 2288 701 2365 capitulo
722 2294 803 2352 sexto
826 2289 947 2365 decimo,
967 2291 1017 2366 qui
1037 2294 1105 2350 ente
1125 2303 1192 2366 pan·

162 2393 212 2440 cos
233 2392 324 2438 onnes
347 2375 495 2438 defunctus
517 2381 569 2451 est,
594 2377 624 2434 ln
646 2375 749 2440 eadem
770 2375 856 2436 domo
878 2376 1052 2453 quandoque
1072 2375 1193 2438 infimo·

161 2467 220 2524 rius
247 2464 308 2524 suit
349 2462 406 2522 Hic
437 2481 503 2524 eum
524 2469 652 2539 tempore
674 2463 800 2540 quodem
820 2464 942 2525 haberet
961 2481 1100 2542 magnum
1119 2461 1192 2522 infir·

161 2569 242 2612 mum
262 2552 321 2610 iem
341 2551 425 2609 morti
445 2552 621 2626 proximum,
644 2557 673 2610 et
693 2557 778 2612 nocte
799 2567 920 2630 surgens
941 2550 980 2610 ad
999 2552 1114 2628 signum
1134 2565 1193 2608 ms·

160 2640 324 2712 trutinarum,
346 2653 412 2697 cum
433 2637 556 2696 eundem
576 2636 719 2696 infirmum
741 2637 957 2714 considerasset,
979 2653 1099 2714 sperans
1118 2635 1193 2696 illum

159 2742 246 2802 posse
268 2724 379 2799 durare,
407 2723 526 2783 chorum
547 2740 584 2783 ex
603 2723 660 2784 hoc
682 2726 808 2784 securior
827 2726 952 2786 intrarit
993 2723 1028 2782 ln
1050 2740 1108 2800 quo
1130 2721 1193 2781 dunr

159 2811 285 2873 sedendo
313 2810 458 2871 modicum
486 2810 554 2887 quid
583 2809 778 2886 dormitasset,
807 2828 874 2872 ecce
903 2810 1037 2872 Salvator
1056 2812 1087 2870 in
1107 2807 1192 2887 figr'ua

159 2898 263 2958 infirmi
290 2899 385 2974 adurit,
414 2904 443 2960 et
481 2914 567 2974 super
592 2903 692 2974 pectus
719 2897 795 2960 illius
822 2915 853 2960 se
881 2895 1022 2962 reclinans
1050 2897 1193 2976 requievit

159 2983 301 3048 Hemieus
315 3003 384 3046 vero
405 2985 518 3048 dehoc
539 2978 692 3066 territns¹),
715 3003 781 3048 eum
801 3001 918 3063 surgere
939 2983 1035 3062 vellet,
1055 2984 1192 3046 Dominus

160 3087 227 3134 eum
239 3073 424 3148 compescuit,
445 3071 557 3137 dicens:
578 3072 733 3134 Boncsine
754 3090 801 3134 me
822 3075 970 3152 quiescere
978 3065 1008 3152 ¹).
1050 3069 1099 3132 Ad
1120 3067 1192 3150 quod

159 3159 279 3220 verbum
301 3159 525 3240 expergefactus,
545 3176 613 3220 mox
633 3158 799 3222 recordatus
821 3165 865 3222 est
884 3157 987 3220 infirmi
1008 3159 1060 3234 sui,
1083 3163 1111 3218 ιι
1131 3173 1191 3218 sur·

159 3256 231 3324 gens
258 3251 346 3322 etque
373 3247 403 3308 iu
423 3246 631 3308 infirmitorium
651 3245 802 3323 testinans,
827 3245 908 3308 illum
929 3247 1127 3324 agonizantem
1147 3257 1192 3302 re·

158 3334 241 3412 perit.
283 3329 377 3410 Quem
406 3350 472 3396 eum
499 3334 538 3396 ad
565 3340 670 3394 terram
692 3332 835 3410 deponere
856 3331 959 3408 vellet,
989 3349 1077 3410 super
1095 3335 1191 3409 pectus

160 3421 221 3484 eius
247 3420 278 3480 in
308 3418 427 3480 modum
450 3421 571 3482 ‘visionis
600 3421 763 3496 exspiravit.
816 3419 902 3498 Quod
930 3424 1028 3482 autem
1054 3417 1191 3479 Dominus

158 3508 269 3588 species
300 3505 473 3584 quandoque
498 3506 676 3586 leprosorum
703 3512 846 3586 assumat,
873 3507 1024 3582 sequentia
1051 3501 1192 3566 demtum

92 3615 102 3627 .
157 3593 297 3670 exempla.
383 3637 397 3652 ,

176 3708 445 3779 1)Βιιιιιίιιιίι.
464 3704 700 3772 Sediustigero
718 3705 946 3758 ctiamiullomil.
963 3705 1037 3774 llp.
1056 3707 1143 3760 74.-
1161 3705 1191 3774 i)

227 3778 376 3841 llottlrffzi
394 3776 486 3830 36.-
455 3773 776 3846 -3)1ιιί.53,4-
742 3765 1143 3844 -sjitperterrituass-
1162 3775 1192 3844 5)

226 3848 248 3904 G
264 3849 485 3918 requiescere

74 1314 83 1332 .
125 1298 128 1306 2
157 1268 310 1342 ριιιαιιις
339 1270 367 1326 ct
393 1280 449 1326 ecoe
464 1267 641 1339 potavimus
662 1282 729 1326 eum
751 1268 838 1344 quasi
859 1265 1008 1340 leprosum
1029 1269 1057 1324 ct
1074 1279 1188 1342 pescu-
1252 1309 1253 1328 ,
