2524 4252
168 227 232 286 344
439 224 666 295 DISTINOU'IO
691 224 934 288 DUODECIMA

170 348 242 408 beth
251 346 412 424 specialiter
424 355 554 409 sanctum
568 348 733 410 Johsnnem
745 349 969 426 Evangelistnm,
990 347 1117 424 quicquid
1128 353 1185 423 pot·

171 441 234 496 esst
253 435 368 494 honoris
388 435 428 494 illi
448 436 624 511 impendens.
682 436 820 496 Habebat
849 435 994 496 censalem
1021 451 1138 496 sororem
1162 435 1185 492 in

172 522 274 583 eodem
295 524 474 596 monasterio,
496 539 571 598 quac
591 521 701 582 Aleidis
722 521 888 584 vocabatur.
929 521 1013 582 Haec
1034 539 1095 581 cum
1113 527 1186 580 nocte

172 608 297 684 quadem
320 609 402 668 dictis
423 611 577 684 matutinis,
598 611 626 668 in
647 609 722 670 lecto
744 627 796 669 suo
817 609 930 683 sedens,
952 609 1074 670 officium
1094 607 1183 668 delun·

173 702 283 756 ctomm
303 712 354 770 pro
376 698 472 756 cuims
492 699 598 756 sororis
618 695 783 756 decantaret
793 691 819 775 ¹),
840 713 942 756 vocem
964 695 1105 772 quanmn
1123 697 1185 754 circs

174 798 206 842 se
227 782 345 868 sudiyit
387 783 426 840 Et
447 800 513 842 cum
533 782 702 858 requireret,
731 801 806 858 quse
834 792 924 859 esset;
954 783 1109 858 respondit:
1132 781 1184 857 Ego

175 886 239 928 sum
260 868 411 928 Elisabeth
424 886 505 940 soror
525 876 584 928 tus.
626 871 664 930 Et
683 869 748 928 ills:
771 869 924 946 Quomodo
938 869 1028 928 habes
1049 885 1131 943 soror,
1147 865 1185 926 vd

173 953 250 1014 unde
271 954 374 1016 renis?
417 955 620 1032 Respondente
641 957 699 1031 ills,
719 956 793 1016 male
812 957 928 1032 quidem
948 956 1045 1031 habui,
1065 954 1113 1015 sed
1132 969 1186 1012 mo·

177 1041 213 1102 do
234 1044 309 1102 bene
330 1061 410 1118 sum3
431 1041 542 1102 Aleidis
566 1044 726 1102 subiunxit:
747 1043 858 1103 Profuit
884 1044 936 1102 tibi
963 1043 1068 1118 siquid
1088 1047 1187 1101 sanctus

173 1128 323 1189 lohannes
346 1146 431 1207 quem
448 1136 509 1189 tam
530 1129 660 1190 ardenter
682 1129 822 1190 dilexisti?
864 1130 1024 1205 Respondit
1043 1129 1104 1190 ills:
1124 1127 1186 1186 Vere

174 1215 252 1274 nihil.
295 1215 351 1292 Qui
373 1216 442 1274 mihi
463 1219 564 1291 astitit,
594 1222 710 1277 sanctus
731 1224 931 1292 paternoster
951 1217 1120 1276 Benedictus
1137 1213 1186 1272 luit

174 1302 241 1378 Ipse
264 1304 338 1362 enim
358 1319 454 1379 genua
474 1302 590 1379 sua'pro
604 1321 650 1362 me
671 1304 751 1363 flexit
769 1309 836 1364 unic
857 1303 962 1363 Deum.
1003 1299 1186 1364 NOVIGIUS:

176 1387 249 1448 Cum
271 1392 319 1448 vix
340 1390 442 1465 siquis
463 1390 568 1450 evadat
588 1393 798 1468 purgatorium,
826 1391 911 1450 valde
940 1408 986 1450 mo
1015 1395 1098 1450 terret
1123 1384 1186 1464 qnod

176 1475 293 1551 quidam
315 1475 420 1552 dicunt,
440 1479 584 1536 minimam
606 1495 728 1554 poenam
751 1479 780 1535 in
800 1479 964 1554 purgatorio
986 1479 1116 1535 maiorem
1136 1489 1186 1532 esse

178 1565 256 1622 omni
283 1579 377 1639 poena
406 1579 480 1639 quoe
502 1567 656 1640 excogitari
677 1570 772 1641 potest
790 1567 821 1622 iu
850 1563 907 1623 hoc
934 1563 1041 1622 mundo
1050 1561 1080 1644 ²).
1123 1557 1186 1619 Mo-

177 1649 352 1713 NACHUS:
379 1651 546 1726 Requisitns
568 1652 604 1710 dc
626 1651 682 1712 hoc
703 1652 793 1712 verbo
820 1669 840 1710 a
868 1668 914 1710 me
943 1649 1059 1726 quidam
1084 1662 1186 1724 mugnus

177 1737 337 1814 theologus,
358 1738 518 1813 respondit:
539 1738 736 1798 Falsissimum
758 1745 810 1812 est,
830 1739 885 1796 nisi
905 1737 1077 1818 intelligetur
1096 1735 1128 1794 de
1145 1749 1186 1794 ec·

180 1824 245 1884 dem
268 1842 372 1902 genere
393 1841 513 1901 poenae.
555 1825 646 1885 Verbi
667 1829 773 1902 gratis:
793 1825 872 1902 Ignis
893 1824 940 1884 illc
963 1827 1072 1884 acutior
1085 1823 1186 1896 estigne
1238 1833 1239 1854 ³

177 1912 392 1988 nostro,'frigns
413 1912 515 1988 frigore
529 1919 643 1987 nostro,
672 1919 701 1972 ct
722 1915 763 1972 sic
786 1912 821 1972 de
850 1914 960 1974 ceteris.
1004 1911 1090 1972 Cuius
1109 1923 1185 1970 assu·

175 2000 245 2058 tioni
266 2000 472 2075 subsequentes
493 2001 616 2059 visiones
637 1998 820 2098 concordent

492 2189 725 2250 CAPITULUM
747 2190 900 2250 XXXVI.

319 2315 367 2375 De
384 2317 564 2390 puryutom'o
584 2310 807 2388 Moryuretoe⁸l
829 2313 1061 2372 sanctimonialis

401 2393 409 2410 '
517 2401 553 2459 de
573 2407 675 2458 sancto
703 2400 869 2460 Salvatore.

242 2523 327 2584 Circa
353 2523 410 2583 hoc
436 2525 588 2583 triennium
615 2521 712 2598 puelle
740 2521 882 2596 quaedam
910 2519 1031 2598 parvulo
1053 2517 1187 2580 novenni

177 2618 247 2690 puto
269 2628 408 2670 annorum
431 2613 461 2669 ln
481 2609 582 2668 Monte
603 2611 693 2668 sancti
707 2608 864 2668 Sslvstoris
885 2625 960 2683 quse
982 2606 1083 2666 domus
1102 2601 1186 2664 erunt

177 2702 266 2760 nostri
287 2705 345 2773 est,
376 2699 406 2756 in
427 2697 554 2756 adventu
581 2699 670 2772 ipsius
692 2695 849 2755 Salvatoris
870 2701 983 2754 mortus
1005 2701 1057 2753 est.
1095 2689 1185 2750 Desun-

177 2794 225 2847 cta
254 2803 323 2847 vero
352 2785 430 2845 clara
455 2784 503 2844 dis
532 2789 676 2842 conventu
701 2789 795 2841 stsnte
820 2783 849 2840 in
871 2781 973 2854 choro,
1001 2783 1064 2856 ipss
1090 2777 1185 2838 chorum

177 2875 307 2950 intravit3
336 2874 538 2932 intranseunte
566 2870 655 2929 altere
676 2869 814 2944 profunde
836 2871 905 2928 sctis
925 2867 1083 2940 inclinavit,
1108 2862 1184 2923 sicin

176 2961 271 3020 locum
299 2969 383 3019 suum
411 2960 461 3017 ubi
490 2963 565 3016 stsre
594 2957 678 3016 solite
706 2963 766 3015 crat
799 2955 944 3016 secedens.
1001 2953 1093 3031 Quam
1125 2953 1184 3008 ionis

178 3063 208 3106 se
230 3047 286 3106 alia
307 3046 402 3122 puella
422 3061 495 3122 petre
518 3043 646 3103 eiusdem
667 3045 769 3102 eetstis
790 3048 865 3102 stare
889 3041 997 3115 videns,
1020 3047 1048 3100 et
1067 3044 1183 3098 mortuam

177 3135 284 3206 sciens,
312 3140 391 3192 tanto
420 3133 535 3191 horrore
562 3147 704 3190 concussa
726 3135 783 3204 est,
812 3135 844 3206 ut
864 3137 1021 3188 notaretur.
1062 3123 1184 3200 chuisits

181 3236 247 3279 vero
269 3237 287 3276 s
309 3219 424 3278 domins
444 3221 574 3296 Benigne
594 3216 752 3276 Abbatissc
781 3233 800 3275 a
827 3218 907 3274 cuius
937 3230 986 3273 ors
1013 3213 1107 3273 audiri
1128 3221 1183 3286 quse

179 3305 305 3366 dicturus
327 3323 405 3378 snm,
434 3323 484 3366 cur
504 3309 545 3364 its
565 3309 595 3364 in
617 3305 704 3364 choro
727 3309 938 3377 concuteretur,
970 3300 1123 3377 respondit:
1148 3293 1183 3354 Sic

177 3400 208 3454 et
228 3395 271 3452 sic
291 3408 371 3452 soror
387 3391 534 3452 Gertrudis
554 3396 586 3452 in
607 3393 726 3458 chorum
747 3393 840 3466 venit;
863 3394 893 3448 et
913 3406 979 3448 cum
1000 3387 1082 3448 dictis
1102 3395 1183 3457 vespe

175 3483 214 3542 ris
236 3481 468 3542 commemoratio
490 3479 572 3540 fieret
591 3479 734 3538 Domim
754 3484 876 3552 nostrae,
898 3475 935 3536 sd
957 3475 1104 3536 collectam
1121 3487 1146 3530 se
1162 3468 1182 3524 ln

193 3670 223 3739 1)
241 3669 261 3721 B
280 3666 415 3722 sederet
434 3693 465 3706 ·-
477 3664 663 3717 decantaus.
677 3695 707 3706 —
728 3665 760 3731 2)
778 3664 874 3728 Gregor
890 3662 1017 3728 explsuut.
1034 3659 1100 3714 tertii
1114 3651 1183 3734 intui

243 3739 338 3808 poenit.
363 3737 451 3809 „illum
478 3735 649 3788 trsnritorium
681 3737 767 3802 ignem
797 3735 864 3786 omni
891 3731 1053 3786 tribuistiose
1080 3730 1181 3799 procuri

241 3811 348 3863 molitus
365 3802 612 3862 nsunmdmrem‘t
631 3834 662 3846 -
679 3803 714 3874 d)
724 3805 790 3891 imo,
807 3801 944 3858 Gertrudis.
