2524 4252
183 273 246 335 354
453 273 680 338 DISTINGI'IO
704 273 947 339 Duonuouun

500 466 745 528 oAPITULUM
765 467 891 528 XLVII.

395 589 560 650 Demoleo
580 592 730 667 contorio
751 593 784 649 lo
796 589 1002 673 ‘Arduaburylc

248 709 283 770 In
310 709 491 788 Ariosburgh
501 707 519 791 ¹)
550 713 723 772 monasterio
754 711 859 770 ordinis
886 705 1198 788 Ptaemonsuctcorisl,

183 798 259 858 siout
287 797 385 857 audivi
419 816 439 857 o
468 797 594 874 quodam
629 796 778 858 secerdote
815 797 942 858 eiusdem
978 797 1198 874 congregationis,

183 886 304 961 scriptor
318 883 434 960 quidam
457 883 690 945 eratRicharduo
703 887 827 958 nomme,
848 882 989 960 Anglicue
1009 887 1126 944 natione.
1152 881 1199 942 Hic

184 970 321 1048 plurimos
334 971 422 1032 libros
434 973 464 1030 in
485 971 586 1032 eodem
601 971 742 1032 coenobio
763 988 850 1032 manu
871 973 986 1047 propria
1007 973 1201 1046 conscripserat,

185 1057 348 1118 mercedem
369 1061 413 1118 eui
433 1057 538 1118 lebonis
559 1057 738 1135 praestolam
758 1060 788 1117 in
809 1057 905 1118 coelio.
951 1057 1009 1118 Hic
1030 1075 1094 1116 cum
1118 1057 1202 1116 nuno

184 1144 344 1221 defunctus,
365 1146 437 1204 etin
451 1144 515 1220 loco
528 1145 648 1206 notabili
661 1145 799 1221 sepultus,
818 1151 886 1222 post
898 1145 1000 1222 viginti
1009 1160 1098 1204 annos
1116 1143 1202 1203 lumin

184 1233 246 1292 eine
266 1237 381 1308 aperta,
407 1249 511 1292 monus
533 1233 595 1292 eiue
616 1230 733 1292 dextera
754 1238 814 1292 tam
841 1234 953 1309 integra
981 1237 1011 1292 et
1038 1237 1096 1290 tam
1120 1227 1202 1290 viride

185 1324 230 1380 oet
249 1323 377 1395 reperta,
398 1335 440 1403 ⁸ec
461 1321 486 1380 si
506 1325 636 1380 recenter
657 1319 693 1378 de
716 1334 835 1395 corpore
856 1321 983 1378 animato
1005 1318 1104 1378 suimet
1129 1331 1202 1393 proo-

186 1401 286 1485 ciem).
328 1405 452 1481 Reliqua
474 1422 540 1466 caro
562 1407 592 1464 in
613 1406 763 1484 pulverem
785 1403 903 1466 redacta
925 1405 987 1464 lull„
1028 1404 1065 1464 In
1090 1406 1204 1464 terdmo-

184 1493 265 1552 oium
287 1494 358 1552 tanti
384 1492 513 1553 miraculi
533 1510 635 1552 manus
658 1491 759 1552 eadem
779 1509 872 1567 usque
891 1491 978 1552 hodie
998 1492 1029 1550 in
1049 1491 1203 1551 monasterio

91 1625 95 1631 .
184 1583 356 1656 reservetur.
390 1579 471 1640 Bene
493 1585 555 1640 erat
575 1596 677 1638 manus
699 1578 784 1638 huius
805 1580 951 1656 scriptoris
971 1585 1104 1655 pennata,
1122 1576 1150 1638 id
1167 1581 1203 1635 ori

185 1682 259 1744 opus
281 1668 341 1726 eius
353 1669 471 1726 caritate
483 1666 673 1727 informatum.
704 1664 909 1726 NOVIOIUS:
930 1665 1008 1725 Satis
1028 1665 1106 1724 Dour
1120 1669 1202 1724 orien-

187 1752 229 1812 dit
255 1755 286 1812 in
313 1755 517 1827 instrumento,
551 1759 659 1828 quauta
679 1753 764 1813 inerit
791 1769 902 1814 meroes
931 1751 1039 1814 laboris
1072 1754 1101 1812 in
1127 1749 1201 1812 coelo.

184 1837 419 1903 MONAOHUS:
439 1839 519 1900 Audi
539 1839 626 1900 aliud.
663 1855 666 1858 ·

507 2029 740 2092 CAPITULUM
760 2029 902 2092 XLVIII.

411 2153 460 2213 De
480 2153 571 2213 odore
591 2155 726 2229 meylem
746 2153 832 2212 Petri
848 2151 1001 2214 Camerio.
1054 2193 1065 2203 ,

252 2273 391 2351 Magister
411 2273 514 2334 Petrus
536 2273 643 2333 Cantor
662 2273 830 2333 Purieienoie
850 2275 957 2348 verbo‘,
983 2275 1045 2334 viia
1065 2278 1094 2332 ot
1118 2284 1198 2330 ereu-

185 2361 235 2438 plo
257 2361 361 2420 multoc
382 2359 593 2423 aedificaverat„
636 2359 692 2420 Hic
713 2363 742 2420 in
763 2352 983 2440 Fontenoella⁴)
1008 2360 1092 2420 domo
1112 2354 1198 2417 orum

186 2449 275 2507 nostri
295 2447 387 2507 iactus
408 2449 552 2522 novicius,
573 2446 646 2507 inira
666 2465 772 2506 annum
793 2447 969 2524 probotionis
990 2446 1135 2506 defunctos
1153 2446 1204 2511 cot,

187 2541 217 2594 et
237 2535 266 2594 in
289 2532 578 2610 capitulosepultus.
622 2533 751 2610 Cumque
772 2540 874 2609 posteo
894 2537 1065 2594 necessitate
1091 2527 1198 2592 aedifici·

187 2629 268 2682 orum
291 2639 393 2697 corpus
415 2623 476 2681 elue
498 2627 575 2680 esset
596 2620 837 2696 transferendum,
865 2629 965 2696 aperto
987 2619 1134 2698 sepulchro
1152 2623 1197 2673 len

186 2726 309 2786 magnus
331 2714 360 2768 et
382 2715 440 2768 tom
462 2709 648 2767 suavissimus
670 2725 706 2767 ex
726 2706 774 2766 illo
804 2707 875 2767 odor
904 2708 1049 2782 efferbnii,
1075 2711 1107 2765 ut
1130 2715 1197 2762 neree

187 2799 316 2857 omniurn
336 2795 410 2854 illino
432 2795 581 2872 flagrantia
602 2793 793 2854 reficerentur.
838 2792 917 2853 Odor
938 2794 987 2854 ille
1015 2795 1125 2871 signum
1150 2789 1197 2846 eret

187 2885 308 2944 eximiae
330 2885 390 2942 eius
412 2880 572 2957 doctrinae,
601 2884 681 2941 cuins
709 2879 871 2941 mercedem
899 2887 1047 2957 receperat
1074 2881 1102 2938 in
1126 2871 1196 2936 coelo·

188 2969 333 3048 Quantum
351 2985 420 3030 vero
434 2970 552 3046 gratiae,
575 2974 750 3043 quantumve
771 2967 879 3046 gloriae
900 2967 1032 3027 doctores
1053 2967 1111 3026 rive
1128 2973 1195 3040 proo-

188 3056 329 3116 dicatoreo
349 3061 416 3135 post
436 3053 513 3117 han'o
534 3057 624 3116 vitam
645 3061 823 3130 mereantur,
851 3054 1032 3132 subsequens
1053 3065 1138 3134 sermo
1155 3045 1195 3106 di·

188 3139 314 3228 coc

567 3305 833 3366 φῶ-
882 3255 888 3278 Ι

206 3504 237 3575 1)
254 3499 300 3556 ΒΕ
317 3499 515 3571 Ariusium,
538 3501 557 3553 P
573 3501 768 3570 Anubem,
791 3499 858 3554 ΑΘΕ
875 3499 1074 3568 Armioherg.
1100 3491 1194 3578 licelid·

256 3579 353 3686 accior,
369 3579 398 3624 ul
414 3579 486 3639 pulo,
502 3571 653 3680 coe—uobium
670 3570 810 3640 Arnoburg,
825 3585 906 3654 propo
916 3567 1115 3692 urbemglgnsslsslrn
1129 3571 1193 3687 ⁵1?ss

256 3640 697 3778 cen²2llssa‚nll⁰li⁸t1²rss'nrc3)elll3gp
712 3655 905 3786 ssezranerflgczrss
927 3640 1096 3776 eoquorum
1111 3706 1133 3758 ir
1146 3713 1194 3753 σω·

254 3783 331 3838 nobio
348 3781 506 3853 long-Pori,
522 3779 590 3849 quod
607 3779 655 3832 iuil
671 3795 750 3848 prope
767 3779 854 3834 urbem
871 3779 996 3835 Solorouo.
1015 3807 1046 3821 -
1064 3777 1096 3848 5)
1109 3773 1129 3830 B
1142 3784 1194 3826 rer·

255 3871 301 3909 mo
319 3853 522 3925 subsequens
539 3849 734 3904 declarabit.
1123 3866 1128 3874 ·
