2506 4254
175 281 240 342 aro
479 317 481 323 ι
519 279 746 345 nrsnrnomo
768 279 879 345 nors
1008 261 1045 360 j

165 400 374 462 Everhardum
394 399 603 464 Scholastlcum
632 403 785 481 ecclcslae,
812 405 862 480 qni
890 408 919 463 et
938 405 1001 480 ipse
1021 403 1197 465 communioni

175 490 325 565 intererat,
352 492 407 549 ait:
438 489 629 566 Interrogavit
649 491 782 551 sacerdos
803 490 945 560 infirmum
965 491 1046 550 illum
1066 491 1152 566 benc,
1175 496 1198 550 et

175 575 323 652 respondit
341 575 388 638 ille
401 575 496 636 bene?
510 576 614 652 Etiam,
633 579 735 653 inquit
755 577 813 654 Qui
833 577 915 637 aliter
936 577 1034 653 credit,
1052 577 1198 638 haerctieu

177 668 230 724 est
281 662 363 723 Tunc
393 663 497 722 Petms
528 663 653 740 eiulans,
684 671 842 742 pectusque
873 664 1011 741 tundens,
1043 665 1198 725 exclamavit

177 747 290 809 dicens:
311 749 376 810 Vae
397 750 466 809 milri
487 751 590 810 misero
612 751 762 827 sacerdoti,
783 749 927 826 quomodo
948 750 1088 814 hactenus
1110 754 1197 810 missas

175 835 339 898 celebravi?
399 835 475 896 Nam
502 854 594 912 usque
623 837 661 897 ad
689 837 765 898 hanc
792 837 893 897 horam
921 839 1061 916 putabam
1087 840 1197 914 speciem

176 926 259 1001 panis
288 925 395 983 etvini
421 930 489 999 post
509 928 751 984 consecrationem
772 931 884 983 tantum
906 941 968 984 esse
989 931 1197 999 sacramentum,

177 1009 207 1071 id
228 1016 273 1070 cst
292 1012 407 1086 signum
428 1016 457 1070 et
476 1014 765 1088 repraesentationem
785 1011 930 1071 Dominici
952 1014 1077 1088 corporis
1099 1017 1126 1072 et
1140 1029 1197 1071 son·

176 1097 281 1175 guinis.
322 1095 429 1156 Postea
449 1113 518 1157 vero
540 1097 578 1156 ad
600 1097 769 1158 deletionem
791 1097 918 1157 eiusdem
940 1100 1117 1175 ignorantiae
1136 1113 1197 1174 qnae

176 1181 260 1243 nimis
288 1189 350 1243 crat
370 1201 481 1259 crassa,
519 1186 549 1243 in
570 1185 679 1245 honore
700 1186 803 1245 beatae
831 1185 941 1246 Mariae
962 1185 1149 1262 Magdalenac
1173 1185 1197 1242 iu

177 1269 360 1348 StolgIngane
371 1267 389 1354 ¹)
408 1277 437 1330 et
453 1270 592 1346 capellam
606 1278 635 1332 et
647 1271 788 1348 hospitale
809 1273 839 1330 in
860 1274 965 1349 quibus
986 1289 1064 1334 nunc
1082 1271 1198 1332 habiant

176 1356 392 1418 Praedicatores
406 1357 577 1418 aedificavit
619 1358 650 1418 Si
672 1377 741 1420 vero
755 1357 889 1421 sacerdos
908 1358 1058 1438 litteratus,
1079 1359 1197 1419 ethome

177 1442 333 1504 admodum
356 1445 449 1519 vitae,
482 1447 523 1504 stc
547 1461 641 1506 errare
666 1449 774 1522 potuit,
806 1446 875 1522 quid
897 1446 991 1506 dicam
1013 1446 1050 1507 de
1070 1445 1198 1506 idiotiset

177 1529 282 1590 malis?
334 1529 537 1592 NOVICIUS:
578 1531 610 1592 Si
650 1532 779 1593 Christus
817 1535 848 1593 in
886 1534 969 1593 altari
997 1541 1058 1593 tum
1085 1551 1105 1593 a
1128 1530 1197 1591 malt
1244 1577 1245 1594 r

178 1635 266 1695 qnam
293 1634 313 1676 a
340 1619 424 1679 bonis
451 1626 589 1678 tractatur
609 1625 639 1679 et
660 1623 794 1696 sumitur,
825 1627 895 1696 puto
918 1619 996 1694 quod
1017 1619 1107 1680 malos
1126 1617 1198 1678 valde

177 1705 293 1788 indigne
311 1707 454 1782 respiciat
480 1703 716 1768 MONACHUS:
738 1708 898 1783 Respectus
920 1706 1025 1766 Christi
1045 1724 1101 1767 non
1117 1709 1198 1782 potest

179 1809 242 1854 essa
263 1795 324 1853 sinc
337 1791 538 1869 misericordia
561 1790 642 1874 sed²)
663 1794 822 1855 secundum
843 1794 1023 1871 subsequens
1045 1791 1197 1870 exemplum,

180 1879 258 1956 quod
278 1879 464 1959 periculosius
486 1887 538 1956 est,
558 1880 662 1942 faciem
682 1883 785 1941 avertit
806 1882 844 1942 ab
867 1883 916 1942 eis.

523 2070 758 2134 CAPITULUM
779 2071 876 2134 LVII.

256 2196 304 2255 De
323 2195 473 2256 sacerdote
494 2178 574 2255 muto
596 2213 617 2254 a
638 2213 698 2272 quo
719 2195 821 2272 Mum
843 2194 975 2256 curetas
996 2199 1028 2256 ia
1050 2197 1135 2256 muso

574 2283 683 2359 facim
704 2287 819 2344 acerui.
1006 2311 1009 2320 v
1246 2283 1247 2314 ³

212 2447 215 2456 «
244 2403 386 2465 Sacerdos
414 2403 530 2481 andam
559 2422 638 2465 cum
654 2407 771 2464 mIssam
793 2404 911 2480 diceret,
940 2409 971 2464 et
992 2402 1095 2464 Christi
1114 2413 1199 2476 corpus

179 2491 209 2550 in
237 2492 370 2552 manibus
397 2492 532 2570 haberet,
564 2491 681 2568 quidam
710 2509 746 2551 ex
767 2492 1016 2551 circumstantibus
1038 2494 1066 2550 in
1087 2489 1199 2550 manibus

181 2579 242 2640 eius
271 2596 392 2655 puerum
419 2579 507 2654 vidit,
533 2579 606 2640 iacis
634 2579 673 2639 ab
696 2596 730 2639 eo
752 2596 863 2639 aversa
907 2578 993 2655 Quod
1015 2578 1065 2638 ubi
1086 2575 1199 2654 agnovit,

181 2669 360 2727 aversionem
381 2665 503 2727 eandem
524 2668 634 2726 merito'
654 2667 780 2742 peccatis
801 2668 860 2724 suis
869 2661 889 2746 ³)
911 2667 1068 2743 imputans,
1088 2661 1199 2723 turbatus

181 2761 240 2830 est,
270 2755 312 2814 ita
343 2758 376 2812 ut
404 2753 497 2813 dicere
526 2760 625 2830 posset
652 2770 718 2813 eum
746 2751 914 2813 PsalmIstn:
945 2754 1086 2812 Avertiett
1110 2749 1199 2828 (uem

182 2849 268 2905 ittam
304 2859 326 2900 a
363 2859 424 2914 mc,
458 2846 486 2900 et
510 2841 611 2917 fuctus
646 2857 713 2899 sum
741 2835 976 2910 conturbarunt).
1025 2838 1112 2914 Spem
1137 2827 1200 2910 quod

181 2933 284 3004 postea
314 2929 405 2988 vitam
425 2941 509 2988 suam
530 2926 732 2988 emendaverit
775 2924 956 3002 Quibusdam
976 2927 1067 2984 etiarn
1083 2917 1200 2984 sacerdt-

182 3013 261 3073 tibus
287 3013 404 3092 indigne
425 3013 649 3088 conficientibus,
670 3015 734 3090 pins
753 3012 897 3074 Dominus
918 3017 1125 3074 sacramentum
1141 3003 1200 3068 sub·

181 3099 277 3178 trahit,
297 3117 335 3161 ne
355 3101 411 3162 sibi
430 3099 469 3162 ad
488 3100 625 3164 iudicium
646 3098 717 3160 illud
741 3105 867 3160 sumant,

516 3291 750 3354 CAPITULUM
776 3289 887 3352 LVIII.

183 3416 232 3475 De
251 3413 376 3475 Errnim
397 3414 547 3474 sacerdote
574 3416 627 3490 qui
653 3430 758 3490 corpure
780 3414 905 3472 Domini
925 3415 958 3472 iu
978 3415 1068 3472 nuuc
1086 3404 1201 3488 perdidi!-

250 3532 375 3611 Quidcm
402 3533 537 3600 sacerdos
564 3533 697 3592 Ervvinus
722 3536 852 3609 nomine,
881 3531 1018 3594 Coloniae
1044 3535 1073 3592 in
1100 3524 1202 3591 ecclesii

183 3619 263 3684 beati
282 3621 361 3680 Petri
389 3618 428 3678 sd
449 3618 539 3678 altare
560 3624 677 3678 sanciae
699 3622 791 3679 crucis
811 3622 913 3680 missas
935 3619 1079 3680 celebrare
1098 3627 1201 3679 consut-

203 3791 237 3862 1)
251 3783 450 3842 simmetrius·
460 3781 590 3848 Coloniae,
606 3783 682 3836 lrodis
692 3783 854 3854 Stolclrgsrse
871 3785 947 3838 dicis.
963 3814 994 3827 ·-
1009 3785 1042 3852 2)
1058 3782 1112 3838 red
1127 3774 1201 3838 adst

257 3887 289 3902 ...
307 3855 341 3925 3)
356 3851 402 3908 BC
419 3853 566 3922 peccatis
583 3854 651 3908 suin
668 3854 796 3920 merito.
814 3883 846 3896 -
864 3855 897 3924 4)
913 3854 983 3909 Posi
1000 3855 1045 3923 29,
1059 3854 1085 3908 8.
