2608 4252
407 251 463 311 Du
483 251 641 312 SANCTA
657 250 799 313 MARIA.
944 317 946 322 ,
1081 254 1119 310 'll

86 371 242 449 ducendus,
262 372 377 434 minime
395 372 545 434 dubitavit.
575 373 658 446 Haec
671 371 687 456 ¹)
701 362 842 434 'doninus
858 371 1004 434 Arunldus
1018 351 1121 436 Abbas

86 459 280 521 cisterciensis
301 460 418 522 Treveu
438 463 556 537 positus,
577 461 673 522 mrufis
697 463 834 537 recitavit,
856 460 962 536 diceus,
983 461 1122 524 voraciter

85 549 113 606 in
134 545 272 624 domuin
294 563 352 624 qua
372 549 452 624 prim
473 547 578 610 Abbas
599 549 691 642 fuerat
713 547 834 649 gestum

442 737 677 799 CAPITULUM
702 740 751 799 LL

106 859 157 918 Dc
175 859 350 922 Hermanno
370 875 518 933 converso,
536 877 595 935 pro
618 857 677 936 quo
695 859 864 936 defatigem
880 865 985 918 cancta
998 857 1101 918 Mario

281 945 386 1005 boram
408 946 593 1019 decantavit,
616 953 644 1005 et
662 947 752 1022 fincta
767 945 928 1022 praedicit.

153 1084 189 1142 In
211 1083 355 1161 Oleastro,
384 1085 461 1161 quod
490 1084 602 1162 vulgari
626 1087 744 1154 ¹nomine
765 1085 978 1146 Hammenrode
1008 1083 1122 1158 dicitur,

86 1187 243 1232 conversus
272 1172 388 1248 quidam
408 1173 461 1231 fuit
480 1170 623 1232 vocabulo
644 1172 843 1248 Hermanuus,
871 1171 1009 1233 nemorali
1028 1177 1122 1231 aratro

86 1257 239 1319 cuiusdam
259 1261 394 1336 grangiae
416 1255 577 1336 deputatus.
598 1259 668 1318 Erat
689 1265 787 1318 autem
811 1262 1017 1320 sincerissimae
1037 1261 1122 1333 vitae,

87 1353 119 1406 et
155 1346 258 1406 multas
285 1364 303 1406 a
335 1346 460 1406 Domino
490 1344 698 1406 consolationes
726 1353 835 1406 secreto
864 1347 1049 1422 percipiebat,
1087 1363 1123 1404 ex

87 1433 196 1509 quibus
222 1450 382 1510 perpaucae
410 1432 449 1492 ad
476 1439 604 1492 nostram
631 1439 822 1509 pervenerunt
847 1435 987 1493 notitiam.
1035 1432 1066 1492 Is
1093 1435 1123 1490 in

88 1519 186 1580 officio
214 1537 265 1580 suo
294 1520 420 1580 habebat
447 1523 521 1578 inter
549 1520 621 1580 alios
649 1522 741 1581 boves
769 1523 923 1580 iuvencum
942 1520 1067 1579 ferocem
1087 1537 1123 1579 ac

88 1606 259 1682 superbum,
290 1625 375 1683 quem
401 1607 440 1667 ad
467 1624 540 1684 opus
560 1610 609 1665 vix
644 1615 695 1666 aut
706 1604 726 1687 ²)
755 1606 916 1667 nullatenus
936 1609 997 1666 siue
1017 1623 1123 1682 magno

88 1695 190 1754 labore
216 1693 384 1754 adducebat.
426 1694 512 1753 Hunc
540 1711 607 1772 ergo
630 1711 696 1754 cum
717 1695 780 1753 vioe
802 1693 928 1769 quadam
948 1696 1015 1771 iugo
1038 1693 1124 1752 vellet

90 1780 240 1856 colligare,
273 1787 301 1840 et
328 1780 420 1840 modis
450 1781 582 1841 omuibus
602 1781 827 1841 recalcitrantem
855 1781 985 1856 ueqmret
1006 1796 1124 1855 compe·

91 1884 189 1942 scere,
217 1874 375 1927 commotus
397 1871 491 1927 auimo
513 1870 543 1926 in
565 1867 667 1928 silvam
690 1868 815 1942 divertit,
845 1875 874 1928 et
892 1867 997 1927 fustem
1018 1865 1056 1926 ad
1076 1883 1124 1928 re-

91 1953 198 2015 bellem
225 1961 338 2014 taurum
365 1955 522 2014 feriendum
550 1955 656 2014 incidit.
705 1954 759 2013 Cui
786 1957 934 2014 minaciter
955 1971 1021 2014 eum
1041 1959 1125 2013 vecte

90 2042 225 2115 vomenti,
244 2043 412 2117 nescioquo
435 2044 534 2118 spiritu
549 2041 651 2101 ductus
672 2047 771 2100 taurus
793 2044 922 2116 occurrit,
946 2039 1125 2118 pedibusque

90 2131 156 2188 eius
175 2133 348 2205 prostratus,
375 2126 442 2188 licet
462 2144 519 2187 non
539 2129 648 2204 verbis,
677 2134 761 2204 gestu
781 2134 878 2188 tamen
898 2127 1039 2190 humiliati
1060 2143 1126 2186 cor-

89 2215 169 2292 poris
192 2217 306 2276 veniam
319 2215 466 2292 flagitavit.
502 2214 568 2291 Quo
581 2216 644 2275 viso
665 2215 779 2274 virDci
799 2214 939 2292 placatus,
961 2216 1011 2274 ait:
1034 2213 1126 2272 Mise-

89 2302 243 2362 ricordiam
256 2304 379 2378 quaeris,
399 2298 649 2382 misenoorttamz)
671 2303 724 2361 tibi
744 2319 803 2362 uon
825 2302 983 2379 denegabo.
1002 2307 1006 2316 ‘
1026 2299 1126 2377 Surge,

89 2396 120 2448 et
148 2405 219 2448 cave
239 2406 276 2448 ue
294 2404 344 2448 me
366 2388 401 2448 de
424 2394 519 2449 cetero
539 2391 689 2464 inquietes.
732 2387 780 2448 Ab
802 2389 852 2448 illa
872 2395 970 2449 autem
991 2387 1037 2447 dic
1058 2394 1126 2447 tau·
1224 2461 1226 2464 .

88 2493 141 2536 ms
161 2475 238 2535 idem
259 2491 374 2536 omnem
397 2475 528 2551 deposuit
547 2475 711 2550 feritatem,
732 2475 804 2535 adeo
826 2478 909 2534 utin
930 2476 1022 2552 gratia
1042 2492 1126 2532 man-

88 2561 249 2622 suetudinis
276 2561 355 2621 uullo
385 2561 575 2640 coniugalium
602 2581 719 2624 suorum
746 2565 920 2623 inveniretur
939 2561 1062 2621 inferior.
1085 2595 1126 2604 -

88 2644 221 2729 ledem‘)
242 2649 328 2708 irater
348 2649 403 2708 alio
421 2655 549 2725 tempore
571 2667 637 2709 cum
659 2650 764 2709 drumis
776 2646 796 2729 ⁶)
817 2650 963 2710 laboribus
984 2648 1127 2724 fatigatus,

87 2743 159 2812 post
186 2735 403 2811 completorium
429 2743 602 2812 pausaturus
627 2739 658 2795 iu
687 2753 739 2796 suo
768 2754 800 2798 se
828 2743 919 2796 suatu
946 2734 1127 2808 collocasset,

87 2824 187 2884 subito
209 2822 376 2883 recordatus
398 2828 442 2883 ost
463 2823 540 2898 quod
561 2826 624 2899 ipsa
646 2823 690 2883 die
712 2841 799 2883 unam
820 2823 936 2895 horam,
965 2838 1053 2897 quam
1075 2819 1127 2880 de-

88 2916 209 2970 cantare
226 2909 338 2970 solebat
354 2913 384 2968 in
398 2911 505 2969 honore
520 2911 624 2970 beatae
638 2911 771 2987 Virginis,
792 2926 862 2986 prae
883 2910 1018 2968 instantia
1039 2924 1127 2967 occu-

87 2997 214 3072 pationis
237 2996 393 3070 distulerat,
415 3003 443 3057 et
466 2997 583 3057 dilatam
604 2997 748 3057 oblivione
769 2998 973 3056 interveniente
985 2991 1006 3074 ε)
1028 2993 1128 3072 negle-

87 3089 181 3144 xerat
224 3084 321 3142 ttxilttt
342 3101 410 3161 ergo
424 3080 444 3163 ⁷)
467 3084 503 3144 de
525 3090 615 3166 stratu
637 3100 705 3159 suo,
730 3090 762 3144 ut
783 3083 861 3160 quod
881 3081 1060 3160 neglexerat,
1081 3080 1129 3142 vel

88 3177 160 3230 tuuc
189 3170 342 3248 suppleret.
386 3170 444 3231 Sed
473 3174 534 3232 eius
562 3174 697 3231 miserata
728 3170 841 3230 labores
862 3169 988 3229 Domina
1015 3168 1129 3244 mundi,

87 3263 210 3334 repente
231 3260 321 3318 astitit
342 3259 377 3332 ei,
397 3260 540 3334 imperans
561 3265 594 3317 ut
615 3260 787 3335 quiesceret,
810 3263 839 3317 et
859 3259 923 3334 ipsa
942 3273 994 3333 pro
1017 3272 1051 3315 eo
1072 3256 1129 3315 ho-

86 3361 154 3404 ram
174 3343 337 3421 ucglectam
359 3344 490 3421 supplere
512 3345 636 3406 deberet.
659 3342 700 3390 ἒ-
723 3343 845 3421 Quando
870 3349 967 3404 autem
987 3343 1130 3402 Dominus

86 3429 175 3490 Deus
196 3433 301 3494 iustam
322 3431 469 3493 laboribus
491 3434 551 3494 eius
572 3435 828 3494 remunerationem
854 3431 973 3492 reddere
995 3429 1130 3504 decrevit,

110 3623 144 3691 l)
161 3623 262 3677 Choc.
277 3655 307 3666 -
320 3625 425 3692 2)ch
442 3643 485 3680 ac.
499 3659 531 3667 -
544 3628 576 3697 3)
591 3643 637 3696 pro
655 3619 1130 3693 misericordiam(m'rarn]habct

164 3693 236 3746 Bet
253 3694 349 3748 illam.
367 3727 396 3736 -
413 3698 445 3764 t)
462 3697 505 3750 Bc
522 3698 613 3750 idem.
634 3728 664 3738 -
684 3698 715 3765 5)
732 3697 789 3749 libri
806 3697 942 3749 divinis.
962 3723 992 3734 -
1012 3693 1044 3761 6)
1061 3689 1130 3743 ΑΒΙ)

164 3764 405 3830 intercidente,
422 3767 441 3818 Ρ
458 3768 707 3830 intercedente,
726 3776 754 3818 ut
771 3767 812 3832 lll,
830 3767 871 3818 24.
891 3782 915 3832 p.
934 3764 992 3815 tto.
1013 3791 1043 3802 -
1063 3758 1130 3826 i]G

165 3833 279 3886 exiliit
302 3837 420 3904 igitur,
442 3836 464 3890 B
488 3837 642 3890 exsilivit
664 3838 771 3906 igitur.
