2512 4254
144 251 191 326 '82
462 263 689 329 orsrmctlo
714 263 878 332 OCTAVA
965 275 966 279 ’

154 396 299 449 eramenta
311 387 475 449 mirabiliter
487 389 698 466 quodammodo
713 405 851 450 renovare
873 407 930 450 non
953 389 1062 466 desinit,
1082 405 1180 452 sccun-

153 475 223 536 dum
250 475 397 552 praedicta
417 479 559 536 unionum
585 494 692 554 genera
719 480 779 536 suis
808 477 916 537 dilectis
945 484 975 536 et
996 474 1092 538 clectis
1111 497 1180 538 nunc

152 566 183 624 in
202 563 320 623 hiantia
342 569 371 623 ct
390 567 519 639 pueritia,
540 581 617 624 nnnc
638 565 667 623 in
681 564 874 624 adolescentia
888 571 918 624 et
937 566 1085 626 iuventute
1104 583 1179 626 suam

151 653 342 726 praesentiam
364 650 510 727 exhibens,
531 653 605 710 sicut
625 654 774 726 sequentia
795 650 981 712 declarabunt
1002 651 1138 730 exempla.

510 806 743 868 CAPITULUM
763 804 839 889 Hst‘)

152 891 154 896 Ι
176 931 224 990 Dc
244 929 394 990 sacerdote
420 931 470 988 cui
488 932 632 988 suevicae
655 927 761 990 Ohrhii
782 933 815 990 ia
835 933 944 991 somnis
964 933 1097 992 rcccloto
1119 941 1165 992 cet
1250 895 1252 946 ἶ

218 1049 359 1112 Sacerdos
381 1050 497 1125 quidam
519 1048 653 1110 dedomo
674 1058 780 1127 nostra,
803 1051 870 1110 dum
893 1051 928 1112 de
943 1060 1120 1114 sacramento
1141 1055 1181 1112 iu·
1251 1101 1252 1108 ,

155 1141 324 1208 camationis
346 1135 449 1196 Christi
470 1137 592 1214 plurima
613 1140 758 1214 cogitaret,
779 1144 863 1198 nocte
885 1137 1010 1214 quadem
1030 1157 1082 1218 per
1095 1143 1181 1200 uisum

155 1229 184 1286 in
204 1227 360 1286 nativitatis
382 1223 509 1284 ciusdem
530 1230 628 1300 raptus
650 1230 694 1284 est
716 1224 901 1286 diversorium
914 1222 940 1306 ¹).
981 1226 1016 1284 In
1038 1245 1097 1303 qno
1120 1226 1181 1286 dum
1250 1241 1252 1300 l

154 1311 264 1375 audiret
285 1307 379 1391 quia2)
413 1314 493 1388 virgo
527 1317 603 1370 esset
622 1315 764 1388 paritura,
793 1311 950 1389 respondit:
981 1311 1111 1374 Christus
1138 1331 1181 1374 se·
1249 1349 1252 1402 l

154 1399 211 1460 mel
241 1405 326 1458 natus
359 1404 415 1473 est,
454 1399 548 1458 denuo
577 1400 656 1456 nasci
683 1416 742 1457 non
773 1402 884 1474 poterit.
947 1399 978 1459 Si
1006 1403 1087 1477 virgo
1115 1401 1181 1460 hoco
1249 1410 1252 1482 ξ

153 1489 279 1563 paritura
307 1491 369 1560 cst,
404 1485 507 1562 ahquis
527 1483 668 1561 propheta
689 1503 811 1562 magnus
833 1486 868 1545 de
894 1503 929 1546 ea
956 1493 1108 1563 nascetur,
1129 1505 1180 1547 non
1250 1501 1252 1519 s

154 1571 291 1633 Christus.
360 1573 419 1632 Vix
462 1573 550 1632 verba
582 1571 711 1648 finierat,
755 1579 783 1632 et
818 1589 885 1632 ecce
928 1571 977 1633 illa
1009 1575 1071 1634 sine
1111 1576 1181 1633 orhui
1248 1575 1252 1639 l

154 1659 251 1745 dolore
286 1661 396 1738 peperit
423 1657 531 1734 filium,
565 1661 724 1735 pannisque
752 1659 912 1718 involutum
944 1661 1088 1720 monacho
1118 1679 1181 1738 por·
1248 1674 1253 1699 ²

152 1749 271 1826 rigebat.
322 1746 416 1822 Quem
444 1745 491 1804 illc
522 1747 595 1804 inter
616 1744 734 1805 brachia
755 1763 808 1804 sus
836 1745 989 1822 colligens,
1010 1765 1046 1808 ac
1068 1748 1183 1808 deoscu-

153 1835 225 1910 lans,
246 1835 413 1910 mysterium
440 1830 591 1906 intellexit,
619 1839 647 1892 et
668 1839 748 1892 motu
770 1831 926 1892 dulcedinis
946 1832 1021 1906 ilhus
1043 1835 1184 1914 eiigilans,

115 1993 117 1999 Ι
153 1923 322 1998 praemissas
345 1921 538 1996 cogitationes,
559 1923 619 1977 tam
639 1919 763 1978 iocunda
779 1921 888 1979 visione
908 1927 1114 2000 remuneratas,
1133 1921 1184 1980 mi·

152 2011 229 2068 nime
251 2007 400 2066 dubitavit.
441 2005 518 2064 Ecce
539 2006 612 2066 visio
634 2005 707 2066 hace
728 2005 880 2082 spirituahs
901 2005 962 2082 fuit,
979 2007 1030 2066 scd
1042 2009 1185 2068 insomnis

152 2093 237 2155 lacta.
289 2091 385 2152 Aliam
416 2091 484 2152 huic
512 2093 684 2170 subiungsm
719 2095 873 2168 visionem,
913 2111 1001 2170 quem
1030 2094 1185 2156 discerncre

153 2199 210 2244 non
231 2197 357 2257 possum,
379 2185 474 2238 utrum
495 2179 524 2236 in
546 2181 652 2238 somnis
669 2182 730 2240 sivc
751 2197 801 2256 per
822 2183 925 2240 mentis
947 2198 1098 2242 excessum
1120 2198 1184 2242 oon·
1254 2252 1255 2265 χ

151 2271 254 2348 tigerit,
274 2273 390 2344 propter
412 2265 588 2326 diversorum
608 2266 783 2327 relationem.
1254 2280 1255 2285 ¹

485 2419 717 2482 CAPITULUM
737 2419 851 2504 mss)

275 2529 352 2626 Item
373 2528 409 2588 dc
429 2544 531 2594 sorore
554 2525 703 2588 Chretina
725 2535 753 2588 ct
775 2529 877 2590 codem
897 2529 1064 2592 nativitate.

215 2651 357 2711 Dominus
378 2647 572 2709 venerabilem
592 2651 731 2725 virginem
753 2647 924 2709 christinam
943 2641 1022 2710 ciuus
1051 2653 1082 2713 in
1103 2668 1184 2728 prae-
1254 2682 1255 2729 3

151 2737 319 2802 cedentibus
331 2735 577 2796 memoriahahita
599 2743 650 2810 est,
670 2739 701 2794 in
714 2733 846 2816 Bergisi)
867 2739 1122 2814 sanctimonialem,
1142 2739 1183 2800 vi-
1253 2803 1254 2808 ,

152 2829 232 2887 sione
253 2842 323 2885 suae
353 2824 511 2882 nativitatis
531 2822 685 2882 laetificere
706 2823 821 2899 volens,
853 2829 981 2900 tempore
1014 2825 1140 2902 quodam
1160 2819 1204 2883 eil

149 2909 217 2974 cum
238 2919 328 2992 matre
350 2918 379 2970 ct
399 2909 511 2986 Joseph
531 2912 677 2987 apparuit,
705 2913 806 2985 pennis
826 2911 979 2986 involutus,
1001 2917 1030 2971 ct
1049 2915 1081 2972 in
1101 2928 1203 2991 prae-5

149 2996 229 3076 sepio
251 2999 414 3058 reohnstus.
455 2997 546 3056 Erant
566 2997 642 3057 enim
661 2991 748 3058 iidem
769 2998 913 3074 panniculi
933 2998 1008 3058 leuci
1030 3006 1060 3058 ct
1081 2999 1148 3074 albi,
1167 3014 1185 3057 a
1197 3002 1205 3070 l
1254 3056 1255 3059 ,

121 3089 250 3164 pannis
269 3101 401 3144 sororum
426 3083 496 3143 nihil
524 3083 693 3144 differentes.
743 3083 848 3144 Fascis
868 3101 935 3144 vcro
972 3102 1030 3162 qua
1058 3087 1184 3147 membra
1253 3129 1254 3132 η

149 3177 210 3236 eius
230 3172 319 3249 ligata
340 3177 435 3246 erent,
456 3173 542 3248 grisei
563 3171 664 3230 eoloris
685 3171 845 3232 videbatur.
887 3171 979 3232 Vides
1000 3179 1110 3249 quanta
1129 3173 1184 3234 hu·

147 3260 261 3334 milites,
284 3264 392 3335 quante
411 3260 504 3333 pietas
525 3260 555 3316 in
575 3257 633 3318 Dei
653 3257 720 3318 fiho.
762 3259 880 3318 Pannos
902 3275 969 3319 suos
990 3261 1093 3335 pennis
1109 3258 1183 3320 ordiss

146 3351 190 3410 uis
212 3346 387 3407 conformare
409 3344 541 3420 dignatus
564 3351 622 3419 est,
648 3351 681 3403 ut
702 3345 824 3420 amphus
845 3344 894 3404 ille
915 3342 1031 3426 boemi)
1061 3345 1097 3408 dc
1119 3363 1183 3407 sus·
1253 3391 1254 3394 η

147 3441 230 3512 cepto
252 3433 352 3493 habitu
373 3431 570 3508 gratularetur.
619 3429 719 3490 Simile
742 3431 834 3490 hebes
866 3433 896 3490 iu
923 3434 1061 3508 superiori
1083 3433 1183 3494 distin·

145 3526 239 3584 ctione
261 3517 385 3596 oapihdo
407 3525 487 3578 sexto
510 3517 630 3590 dommo,
652 3517 702 3576 ubi
724 3517 839 3577 domino
862 3517 1023 3580 Christiano
1046 3519 1082 3579 de
1096 3519 1183 3580 Cleu-

160 3641 194 3710 *J
212 3637 301 3692 llomil.
318 3636 338 3688 1.
355 3649 381 3702 p.
397 3633 441 3684 67.
461 3661 493 3672 -
513 3633 544 3699 1)
562 3629 696 3684 stabulum.
709 3659 740 3670 -
758 3631 791 3700 2)
809 3631 850 3686 BG
867 3633 957 3700 quod.
975 3661 1006 3676 ·-
1024 3635 1075 3704 ”J
1094 3635 1182 3690 llornil.
1230 3667 1233 3676 ·

212 3709 232 3762 1.
250 3725 275 3776 p.
293 3707 335 3759 67.
354 3733 385 3744 -
405 3703 436 3772 3)
453 3701 479 3753 id
497 3709 545 3766 est,
562 3703 588 3750 in
604 3700 689 3751 hlonte
706 3709 808 3753 moetas
825 3702 974 3772 Walhorgis.
992 3705 1064 3760 conl.
1075 3707 1129 3773 Vll,
1143 3708 1183 3760 at.

212 3778 255 3832 BP
280 3775 417 3844 Burgi„
440 3770 487 3824 sed
513 3771 577 3822 initu
595 3767 664 3831 vili,
692 3769 726 3820 45
747 3774 908 3823 consentiunt
933 3773 1034 3828 codices
1055 3779 1137 3830 semri
1158 3777 1183 3829 in

211 3849 320 3902 lectione
337 3844 462 3926 [leugis.
482 3870 513 3881 -
530 3839 564 3908 4)
583 3837 603 3890 B
621 3836 759 3904 amplius
776 3839 971 3894 exhilarata.
