2512 4254
179 225 240 290 ue
298 237 301 240 ·
494 179 722 286 assumento
746 218 910 286 ocnsva

175 363 282 424 panem
311 344 473 422 frequemer
505 344 601 422 daret,
633 350 662 406 et
689 345 774 406 matri
803 341 1028 406 commendaret
1076 343 1204 406 Homines

175 434 316 520 barbaros
344 433 394 508 qui
421 449 487 492 eum
515 433 545 492 in
573 431 656 492 lance
691 431 910 508 appendebant,
939 431 1094 493 daemones
1127 429 1204 494 unse

175 521 319 596 aruspices,
347 521 397 595 qui
428 535 541 595 semper
571 519 756 578 morientibus
788 536 820 578 se
841 521 988 598 ingerunt3
1016 519 1106 598 ligna,
1134 521 1204 596 pueri

52 611 54 619 '
174 612 304 684 peccata
346 605 429 682 Quae
459 608 529 682 quia
549 608 657 666 meritis
680 607 741 666 eius
762 607 896 682 graviora
916 605 1103 684 videbantur,
1123 605 1205 668 sancti

176 693 352 778 confessores
374 709 447 769 quos
469 694 583 768 saepius
605 691 847 769 interpellaverat,
877 692 1133 770 eleemosynarium
1152 693 1204 754 eins

174 779 251 842 lanei
270 782 456 854 immiserunt,
477 781 558 838 cuius
579 779 718 840 beuelioio
739 779 855 840 adiutus
877 785 929 840 est,
961 779 1049 858 Quod
1066 797 1134 841 vero
1153 782 1205 842 edla

173 867 300 928 humana
328 867 501 944 quandoque
526 872 644 942 propter
672 866 869 944 eleemosynas
897 869 983 936 morli
1010 865 1203 942 subtrahetur,

174 955 266 1016 habes
280 953 442 1030 exemplum
458 956 488 1011 in
501 953 571 1012 Vita
582 950 600 1034 ¹)
616 956 707 1014 sancti
720 952 862 1014 Johanuis
875 949 1017 1031 Eleymon
1026 951 1057 1034 ²),
1078 954 1113 1014 de
1125 953 1203 1013 Petro

174 1039 397 1121 theolonavio³),
440 1057 514 1116 pene
545 1041 575 1098 in
618 1041 755 1100 consimili
796 1058 865 1100 casu
895 1046 924 1100 et
960 1043 1081 1103 visione.
1135 1040 1202 1100 Hine

174 1135 219 1190 est
252 1128 330 1204 quod
365 1127 614 1204 Nabugodononor
653 1127 727 1204 Regi
763 1127 831 1188 dum
860 1144 891 1187 ee
919 1129 950 1187 in
977 1130 1089 1189 visione
1122 1127 1203 1188 vidis·

174 1222 218 1276 set
240 1216 293 1276 sub
315 1214 407 1292 figura
428 1215 536 1273 arboris
557 1215 595 1274 ab
617 1214 720 1290 angelo
743 1232 806 1274 ease
827 1215 1050 1290 praecidendum
1057 1212 1088 1296 ⁴),
1107 1212 1202 1274 Daniel

174 1301 331 1377 consuluit,
362 1307 395 1360 ut
421 1307 543 1377 peccata
558 1301 758 1384 eleemosynis
786 1299 979 1382 redimereti).
1031 1301 1116 1378 Quod
1142 1317 1201 1360 vero

174 1390 212 1449 ob
233 1396 353 1465 peccata
371 1391 456 1448 etiam
470 1395 536 1447 ante
550 1394 663 1463 tempus
681 1388 854 1464 quandoque
875 1390 937 1448 vita
956 1388 1080 1449 hominis
1099 1389 1201 1465 praeci·

174 1476 273 1552 datur,
305 1476 381 1536 idem
402 1474 507 1534 Daniel
535 1477 615 1552 testis
644 1481 696 1534 est.
740 1475 870 1551 Cumque
899 1474 1056 1536 Balthaaar
1075 1474 1201 1552 praedicti

172 1563 262 1642 Re'gis
282 1563 373 1637 filius,
395 1579 461 1622 cnm
482 1563 618 1621 uxoribus
641 1569 670 1622 et
691 1563 856 1622 concubinis
877 1564 907 1621 iu
929 1565 1007 1622 vasis
1027 1562 1125 1639 templi
1144 1561 1201 1620 Do·

172 1652 241 1710 mini
254 1649 434 1710 convivando
448 1649 546 1708 Deum
557 1651 687 1724 irritaret,
707 1649 779 1709 vidit
800 1655 899 1710 contra
914 1667 947 1710 se
961 1649 1096 1710 articulos
1108 1663 1200 1708 monus

172 1739 322 1798 scribentis
343 1739 373 1795 in
399 1739 508 1812 pariete
535 1739 590 1795 tria
618 1736 690 1796 haec
718 1737 824 1812 verba,
845 1753 946 1812 mane,
967 1735 1078 1815 techel,
1097 1736 1199 1813 phares

173 1821 270 1903 Quam
298 1827 466 1900 scripturam
494 1825 535 1882 sic
566 1823 671 1882 Daniel
691 1822 765 1900 Regi
785 1825 987 1899 interpretatus
1009 1829 1062 1884 est
1101 1823 1198 1894 Motu,

89 1926 91 1936 ⁴
173 1911 203 1970 id
236 1917 281 1971 est
312 1917 379 1970 ante
411 1918 540 1985 tempus,
573 1911 773 1970 dinumeravit
793 1910 877 1970 Deua
904 1927 1031 1986 requam
1053 1917 1151 1983 tuum,
1179 1913 1201 1966 et

175 1999 329 2074 cmrquurit
350 1998 433 2056 illud.
475 1997 594 2071 Tachoi,
616 2014 762 2073 oppansus
785 2015 814 2056 ea
841 2001 874 2056 ia
898 1993 1026 2070 embra,
1060 2004 1088 2058 et
1109 1999 1201 2056 tuone-

174 2093 223 2145 tua
245 2081 304 2157 w)
327 2087 425 2143 miuus
445 2083 563 2157 habeus,
585 2084 692 2144 scilicet
715 2083 750 2143 de
765 2085 879 2143 iustitia.
910 2083 949 2144 Et
957 2081 977 2163 τ)
1000 2086 1068 2160 quia
1094 2087 1201 2160 peccata

172 2168 489 2248 praeponderaverant,
517 2171 618 2230 eadem
638 2177 723 2230 nocte
748 2173 860 2230 occisus
888 2176 941 2245 est,
965 2177 994 2230 et
1022 2171 1142 2230 divisum
1165 2171 1200 2228 est

172 2276 294 2336 regnum
313 2261 374 2318 eius
385 2257 478 2318 Medis
498 2263 527 2316 et
540 2255 671 2338 Persist).
696 2255 899 2318 NOVIOIUS:
918 2256 1019 2318 Placet
1038 2257 1114 2334 quod
1134 2255 1200 2316 diets

55 2363 57 2367 ·
172 2345 406 2407 MONACHUS:
429 2345 500 2404 Tres
520 2345 640 2420 praefati
660 2344 823 2418 Pontifices,
844 2344 964 2404 aliorum
984 2347 1070 2404 trium
1090 2345 1200 2420 Episco-

172 2449 275 2510 porum
296 2435 436 2492 visionem
456 2432 526 2490 mihi
547 2431 584 2491 ad
605 2434 772 2492 memoriam
792 2437 928 2492 revocant
948 2431 1042 2493 relatu
1064 2431 1179 2510 dignam

479 2623 711 2685 urrunnun
738 2577 934 2684 sxxvurs.

137 2823 138 2826 Ἴ
195 2749 244 2808 Da
266 2743 433 2827 Gaurum)
455 2746 571 2834 Abhuto
594 2745 788 2806 &aromata
810 2749 859 2806 oui
878 2751 1000 2820 conotus
1020 2743 1182 2806 Eucherius

516 2852 585 2893 cum
606 2837 689 2894 socib
712 2837 863 2910 apparuit

200 2999 203 3004 -
238 2956 339 3016 Bonae
360 2957 515 3015 memoriae
537 2953 668 3014 dominus
691 2953 836 3015 Gerendus
849 2950 881 3034 ¹⁰)
903 2951 1006 3012 Abbae
1028 2945 1199 3013 claraevallis

171 3044 221 3119 qui
248 3045 352 3102 nostris
380 3043 556 3119 temporibus
584 3043 651 3116 luit,
685 3060 752 3101 cum
773 3048 902 3117 tempore
924 3039 1052 3116 quodam
1078 3033 1199 3100 dduud

170 3129 264 3206 gretia
296 3136 427 3206 pergeret
461 3129 500 3189 ad
535 3129 712 3204 claustrum,
755 3135 784 3188 et
818 3127 897 3205 apud
930 3126 1079 3204 religiosos
1111 3125 1199 3183 troo

172 3217 264 3275 sancti
294 3215 422 3275 Mathiae
454 3217 665 3292 hospitaretur,
701 3216 803 3277 eadem
834 3221 919 3275 nocte
953 3213 1036 3273 dictis
1067 3199 1199 3272 matnbhie

172 3302 309 3362 ecclesiae
339 3305 458 3378 criptam
487 3303 565 3363 solus
593 3305 724 3379 intravit,
754 3309 783 3363 et
811 3302 849 3362 ad
876 3299 1029 3378 sepulchra
1049 3305 1198 3359 sauctorum

171 3389 319 3464 Eucherii,
340 3389 462 3466 Valerii,
483 3398 571 3467 atque
592 3391 725 3466 Materni,
746 3393 796 3466 qui
817 3389 1007 3449 Treverorum
1028 3388 1111 3464 primi
1130 3385 1199 3444 erant

192 3523 223 3590 1)
241 3523 303 3574 viu.
321 3522 387 3574 Patr.
406 3523 424 3574 l.
443 3526 545 3600 9³3⁵&
563 3541 619 3592 cap.
637 3525 679 3578 21.
699 3555 731 3566 -
750 3524 783 3591 2)
800 3521 820 3576 G
837 3521 1109 3590 Eleemosynarii.
1127 3549 1155 3560 -
1171 3512 1197 3582 3)

241 3593 286 3646 ΑΟ
314 3593 531 3646 theloneario.
557 3625 590 3634 -
612 3595 644 3660 4)
664 3595 684 3646 D
708 3591 991 3662 praescidendnm3
1019 3593 1056 3644 sic
1084 3599 1110 3644 et
1134 3583 1197 3658 ptul⁰

239 3671 345 3732 post-
357 3664 389 3730 5)
402 3663 471 3714 Dani.
482 3665 508 3719 4.
519 3693 549 3704 ·-
560 3665 593 3732 6)
608 3663 664 3716 libri
676 3679 855 3732 appensum
866 3671 917 3714 cst
928 3691 961 3702 -
974 3661 1197 3715 inventumast

242 3764 274 3774 -
294 3733 326 3801 7)
345 3733 365 3786 D
384 3731 503 3784 Pheres
521 3733 651 3785 divisio.
669 3731 1041 3797 accesseramus
1059 3726 1197 3798 -stn

241 3805 278 3858 ui.
297 3807 322 3856 5.
340 3833 373 3844 -
392 3803 424 3871 9)
442 3801 528 3856 ABCD
547 3803 693 3856 Gereldo.
713 3832 744 3842 -
765 3802 851 3872 10)1t
869 3799 1039 3856 [letaldus.
