2506 4254
81 203 84 212 ³
165 215 229 276 234
305 201 307 212 ¹
478 213 705 278 ultumoque
730 213 888 278 nucum

165 353 282 400 erucem
301 335 432 412 tubmus‘,
457 338 509 398 nbi
531 339 568 412 stt
588 340 707 415 scimus,
739 337 791 398 sou
811 340 867 398 uisi
888 338 957 398 certi
978 336 1014 422 de
1033 337 1091 398 citu
1107 335 1179 398 lucri

163 441 231 486 mus
242 420 276 504 ¹),
303 441 450 500 uunquam
473 424 551 484 illem
572 425 763 486 ostendemus.
806 423 883 502 Quil
903 423 1007 502 pluro?
1048 425 1179 486 Ducuntur

166 511 205 572 erl
218 511 401 588 Episcopum,
416 514 508 588 gratie
525 514 617 572 crucis
628 514 799 588 promittitur
810 514 983 587 immunitos,
1004 529 1072 572 mox
1083 517 1179 572 ostem

165 604 341 675 reportetur,
373 604 453 659 extre
483 597 660 676 provinciam
692 598 898 658 conducuntur.
923 598 984 658 *Et
1016 600 1081 674 quic
1103 600 1179 658 iustus

165 685 252 746 iudex
280 685 390 744 nullum
417 689 568 762 peccatum
595 685 728 761 relinquit
746 685 883 760 inultum,
912 691 941 746 et
967 697 1055 761 saepe
1078 691 1178 761 porceto

165 775 248 850 punit
277 778 444 849 percnum,
476 773 603 848 permisit
628 777 662 830 nt
689 773 820 848 sequenti
847 771 894 832 die
920 773 1025 832 iterum
1051 769 1179 832 enumero

165 859 363 936 infringerent,
390 861 420 917 in
449 875 507 934 qua
535 860 611 935 cepti
639 864 720 935 suut,
747 865 778 918 et
805 861 945 934 suspensi.
998 856 1178 920 NOVIGIUS:

164 945 244 1008 esus
275 945 392 1006 evidens
411 945 465 1004 luit
484 945 540 1005 hoc
560 945 738 1005 miraculum.
779 943 1015 1006 MONAOHUS:
1043 945 1129 1006 'Punic
1145 950 1179 1006 est

166 1035 258 1092 virtum
278 1034 383 1107 crucis,
403 1038 437 1092 ut
457 1038 487 1091 et
507 1033 567 1091 suis
589 1032 833 1108 contemptoribus
852 1039 885 1091 ut
907 1031 1015 1092 dictum
1035 1038 1080 1094 est
1096 1031 1179 1092 utcu

166 1136 300 1197 poenum,
320 1123 350 1179 ot
368 1119 572 1180 venerantibus
591 1119 670 1179 illum
691 1121 824 1180 restitrut
843 1108 1004 1180 sunits'rtem.

506 1309 739 1372 CAPITULUM
759 1311 863 1372 XXII.

147 1496 149 1500 ,
210 1433 420 1494 De-motrouo
441 1451 518 1510 qcoe
538 1435 600 1492 sicce
621 1431 722 1492 dolore
738 1436 867 1509 peperit,
892 1450 960 1492 com
982 1433 1147 1494 commiscet

512 1522 545 1578 iu
565 1522 667 1579 ruenti
686 1513 859 1596 sipnoiiouc.

234 1640 307 1702 Cum
327 1631 521 1702 Scholasticis
543 1633 719 1701 Coloniensis
735 1639 867 1700 Oliverus
889 1657 1006 1701 crucem
1025 1637 1181 1718 praediceret

168 1729 198 1788 iu
218 1727 368 1804 Flundria,
399 1729 472 1789 sicut
492 1731 553 1805 ipsc
573 1726 657 1788 uobis
678 1726 788 1802 retulit,
820 1729 892 1787 inter
920 1726 1046 1804 reliquos
1074 1729 1181 1805 signatus

169 1820 213 1876 est
239 1816 280 1876 ibi
307 1815 388 1875 miles
415 1815 495 1874 dives
517 1821 546 1874 et
566 1814 712 1874 honestus.
755 1814 841 1894 Quod
861 1813 910 1874 ubi
926 1817 1006 1874 ‘uxor
1033 1815 1091 1875 eius
1117 1827 1182 1874 com·

168 1903 249 1978 perit,
270 1901 375 1963 afflicta
397 1907 552 1978 estusque
574 1901 612 1961 ad
632 1907 761 1960 mortem.
803 1901 875 1961 Erat
896 1903 971 1960 enim
993 1895 1182 1978 vicmcpartri

168 1985 218 2047 Ao
240 2005 326 2066 quam
341 1985 472 2049 Oliverus
490 1987 606 2048 oonsilio
620 1989 714 2048 meriti
734 1991 886 2064 ingressus,
906 1987 980 2047 inter
993 1989 1083 2048 verbs
1097 1999 1182 2048 conso-

169 2073 283 2135 lationis
300 2075 410 2135 eddidit
431 2081 459 2135 et
479 2075 566 2136 haec:
588 2072 619 2136 Si
641 2073 757 2134 consilio
770 2091 836 2133 meo
852 2076 1039 2152 acquieveris,
1059 2073 1181 2134 elvirum

169 2168 252 2223 tuum
273 2161 386 2222 Christo
407 2161 527 2223 militare
550 2163 725 2238 permiseris,
757 2161 795 2220 ab
816 2163 973 2222 imminenti
993 2159 1115 2238 periculo
1134 2161 1181 2219 sinc

170 2249 268 2310 dolore
288 2249 462 2310 liberaberis.
505 2249 635 2325 Cumque
656 2247 705 2329 illu
725 2248 821 2308 verbis
853 2251 915 2309 eius
945 2248 1062 2325 placeto
1086 2248 1181 2320 luisset,

169 2335 363 2397 scholasticus
385 2337 506 2396 subiecit
513 2331 549 2416 ²):
571 2335 712 2412 Tempore
727 2335 826 2410 pertus
846 2341 928 2396 veste
942 2334 1182 2410 muritituisignc·

169 2429 200 2482 ta
227 2429 257 2483 te
286 2429 434 2500 contegas,
469 2429 498 2482 et
525 2423 617 2482 crucis
644 2425 779 2481 virtutem
814 2424 927 2482 senties.
976 2421 1095 2483 Solebat
1121 2420 1181 2479 eninr

170 2525 236 2570 cum
261 2513 392 2570 maximis
425 2509 596 2570 cruciatibus
624 2513 732 2586 parere.
785 2507 861 2568 Mira
883 2507 986 2568 Christi
999 2506 1021 2590 ³)
1044 2507 1181 2570 elementis

168 2595 297 2657 Instante
318 2596 389 2656 hors
408 2595 552 2675 pariendi,
579 2595 628 2657 ille
649 2613 707 2656 non
727 2597 876 2655 immemor
897 2595 1021 2672 consilii,
1041 2593 1122 2673 pellic
1140 2589 1182 2652 vti

169 2700 201 2744 se
222 2687 301 2760 texit,
323 2689 351 2743 et
371 2701 446 2761 poue
468 2685 617 2743 siueomui
639 2681 737 2742 dolore
757 2673 904 2762 partum⁴)
928 2681 1035 2742 effudit
1076 2680 1137 2742 Alio
1153 2676 1181 2736 le

170 2785 255 2832 cruce
283 2787 376 2847 oeque
397 2770 569 2831 miraculose
589 2773 618 2832 in
640 2769 825 2846 sequentibus
847 2769 898 2829 tibi
918 2770 1054 2845 recitabo,
1075 2770 1136 2845 quic
1152 2761 1181 2823 ud

168 2857 373 2920 elementorum
395 2857 533 2917 miracula
560 2857 671 2917 festino.
715 2849 916 2916 NOVICIUS:
947 2855 1027 2933 Quot
1047 2860 1111 2916 sunt
1133 2849 1181 2912 elc-

167 2943 290 3004 mente?
332 2940 566 3004 MONACHUS:
597 2943 742 3020 Quatuor,
762 2943 836 3020 ignis
856 2941 1004 3020 videlicet,
1025 2960 1088 3018 ser,
1106 2954 1180 3016 oque,

168 3028 280 3112 tertul).
328 3030 363 3090 In
395 3029 499 3107 quibus
529 3028 642 3092 videtu
673 3029 848 3106 temporibus
875 3032 980 3090 nostris
1008 3029 1115 3107 implori
1136 3025 1181 3084 boo

168 3115 247 3193 quod
277 3133 330 3194 per
349 3115 528 3178 Salvatorem
548 3120 578 3176 iu
598 3116 756 3195 Evangelio
790 3115 904 3177 dicitur:
934 3117 1037 3177 Erum
1063 3113 1181 3192 sputo

167 3203 228 3264 sole
257 3209 285 3264 et
312 3205 386 3264 tono
416 3211 444 3264 ei
471 3205 575 3278 stellis,
604 3210 632 3263 et
652 3208 684 3262 iu
713 3207 797 3264 iectu
814 3218 958 3280 pressure
978 3207 1106 3280 pecuum
1120 3211 1181 3277 prat

76 3302 81 3310 '
167 3289 339 3368 confusione
355 3295 468 3352 sonitus
487 3295 626 3351 marisci
644 3291 800 3369 fluctuum,
822 3287 1018 3350 arescentibus
1038 3283 1181 3350 tombs

165 3395 241 3456 prae
255 3380 358 3437 umore
380 3385 407 3437 el
421 3381 634 3454 expectatione
647 3395 725 3454 quoe
745 3380 951 3452 sopoueoieut
970 3380 1104 3437 convoco
1123 3367 1181 3441 prbi,

168 3463 321 3542 etreliqua
336 3479 411 3540 quoe
423 3465 465 3525 ibi
480 3465 640 3541 sequuntur
646 3459 678 3544 ⁶).
719 3462 799 3524 Alibi
812 3462 951 3540 praedicit
963 3464 1041 3525 bellu
1052 3465 1181 3526 ettcrrct·

185 3649 219 3722 i)
234 3649 279 3704 ΒΕ
297 3663 419 3716 snmus,
435 3645 502 3703 tor>
519 3651 625 3702 ulmus.
638 3675 670 3696 ω-
683 3648 715 3719 2)
733 3648 754 3702 (l
772 3647 955 3714 ediscit,'li
972 3646 1141 3703 subiunxit.
1155 3669 1179 3680 -

206 3753 210 3768 ι
234 3719 445 3858 2335ng
464 3720 497 3790 4)
514 3719 536 3776 Β
554 3719 667 3845 ΔΙῐοιιιιιι.
693 3749 724 3762 -·
750 3717 843 3850 ⁵).OE
865 3726 898 3774 et
920 3727 1020 3844 torre.
1044 3747 1073 3762 -
1091 3713 1178 3786 illuc
1236 3823 1237 3828 W
