2512 4254
311 303 367 366 DE
387 303 571 368 DIVERSIS
592 293 827 382 VISIONIBUS.
1030 307 1089 366 155

343 495 576 559 CAPITULUM
611 497 802 558 LXXXVII.

100 617 145 677 De
170 618 289 678 Viotore
311 623 364 696 qui
383 618 419 678 do
440 637 545 682 earum
568 621 699 698 reliquiis
721 620 896 679 miraculose
917 617 1051 680 obtinuit.

121 739 215 800 Homo
243 740 360 817 quidem
381 741 528 818 religiosus
551 739 587 802 de
608 741 707 802 ordine
727 742 893 816 viatorum,
926 758 992 801 eum
1013 742 1091 819 apud

65 825 200 901 quandam
222 835 383 889 matronam
405 828 596 905 Tuyeiensem
617 829 825 905 hospitaretur,
838 823 1021 906 'conquestus
1047 838 1092 890 est

63 911 99 970 dli
126 913 202 990 quod
229 914 329 974 deeem
350 918 432 976 annis
453 915 612 975 laborasset
632 932 684 992 pro
706 915 831 991 reliquirs
852 922 1015 976 sanctarum
1035 935 1092 976 un-

64 998 147 1059 decim
157 1001 276 1061 millium
286 1003 435 1078 virginum,
448 1020 502 1062 nee
516 1002 623 1078 aliquid
635 1010 732 1062 tamen
746 1019 780 1062 ex
792 1005 832 1062 eis
845 1009 944 1078 posset
955 1004 1091 1063 obtinere.

65 1085 144 1147 (luins
165 1089 201 1147 ad
222 1088 279 1147 hoe
300 1105 366 1148 enm
387 1089 523 1150 auxilinm
536 1089 724 1165 implorasset,
743 1088 792 1150 ille
812 1090 920 1150 homini
941 1107 1093 1167 compassa

66 1174 206 1234 eeelesiem
227 1191 325 1234 eurum
346 1175 429 1251 adiit,
457 1179 601 1236 sororibus
621 1193 673 1252 pro
697 1193 731 1234 eo
752 1193 852 1252 preees
872 1179 1015 1253 porrigere
1037 1195 1091 1237 vo-

66 1259 127 1318 lens.
166 1261 297 1338 Cumque
319 1262 356 1321 ed
377 1265 507 1322 tumbam
527 1266 610 1323 unius
632 1265 749 1340 virginis
773 1271 880 1339 ureret,
908 1281 984 1341 genu
1005 1265 1092 1341 lapidi

65 1353 233 1424 superposito
257 1352 306 1424 qui
319 1352 458 1409 maximus
471 1357 533 1409 eret
547 1365 693 1426 apponens
709 1346 735 1429 ¹),
755 1354 883 1426 tentavit,
905 1350 983 1426 quod
995 1359 1092 1412 temen

66 1432 119 1493 fieri
148 1453 231 1512 posse
263 1453 322 1496 non
350 1440 481 1513 speravit
531 1437 607 1496 Mire
632 1440 726 1514 pietas
754 1454 898 1498 seorarnm
925 1445 1091 1516 martyrum.

66 1517 129 1580 Mox
147 1529 180 1584 ut
198 1523 347 1584 Imbecillis
366 1525 471 1584 semine
491 1523 615 1600 lapidem
635 1526 739 1600 pressit
757 1524 910 1599 modicum,
930 1525 977 1584 ille
999 1528 1093 1600 eessit,

67 1607 130 1666 ndeo
166 1617 198 1669 ut
225 1629 261 1672 ea
290 1627 364 1684 quae
391 1612 467 1670 intus
496 1618 576 1670 erent
603 1611 721 1671 videret
771 1610 853 1686 Quae
889 1612 957 1670 dum
982 1613 1092 1672 nullum

67 1693 158 1756 edesse
179 1687 370 1774 conspiceret,
391 1715 478 1757 mann
502 1700 629 1758 immissa
650 1703 789 1774 quantum
808 1697 900 1756 volrrit
921 1697 957 1758 de
978 1701 1091 1762 ossibus

68 1779 137 1856 ulit,
160 1785 230 1845 dans
252 1802 287 1844 ea
316 1787 426 1845 viatori.
468 1785 628 1862 Statimque
656 1783 751 1861 lapide
773 1785 822 1858 qui
843 1788 892 1845 vix
913 1803 931 1843 s
952 1803 1004 1846 sex
1024 1788 1092 1846 virle

69 1867 168 1944 absque
193 1875 386 1932 instrumentis
413 1873 521 1933 moveri
542 1878 668 1948 poterat,
700 1869 801 1932 eadem
823 1889 881 1947 qua
901 1876 979 1948 prius
999 1873 1092 1934 iaeili-

69 1960 119 2015 ute
138 1959 281 2034 revoluto,
309 1961 415 2036 gratias
442 1962 548 2019 sanetis
570 1977 659 2036 agens
671 1954 692 2038 ²)
713 1958 885 2035 virginibus,
912 1959 990 2020 laeta
1010 1961 1093 2020 rediit

69 2041 101 2100 ad
119 2060 177 2106 sna
219 2046 388 2106 Sanctorum
410 2049 521 2106 animae
542 2047 609 2107 lieet
629 2062 741 2122 semper
762 2043 874 2106 vultum
895 2047 1092 2124 contemplen-

70 2131 109 2186 tur
133 2131 273 2208 divinum,
303 2133 411 2192 habent
438 2141 535 2193 umen
562 2139 725 2208 respectum
753 2133 791 2191 ad
819 2150 939 2209 eorpora
965 2152 1035 2211 sua,
1063 2141 1092 2195 et

69 2231 127 2362 ltenen
158 2220 278 2281 viderlnt
297 2237 350 2280 nos
379 2220 500 2282 devotos
511 2217 532 2302 ³)
562 2223 637 2282 eirea
664 2220 926 2298 iila,mu1tumm
954 2220 1010 2281 hoe
1039 2221 1091 2281 de·

344 2507 576 2579 CAPITULUM
603 2517 809 2579 LXXXVIII.

114 2639 160 2700 De
178 2657 316 2702 eonvueo
338 2659 424 2718 quem
445 2659 533 2701 soora
553 2644 640 2718 virpo
660 2645 692 2702 in
712 2644 822 2701 somnis
844 2639 1044 2700 osculabatur.

129 2775 284 2838 Conversus
313 2777 429 2855 quidam
455 2777 493 2838 de
515 2778 611 2840 ordine
632 2785 746 2854 nostro,
775 2795 839 2840 eum
861 2795 897 2838 ex
919 2774 1021 2837 eadem
1042 2793 1092 2837 so-

73 2861 163 2925 tietate
183 2865 323 2942 quaedam
351 2869 493 2943 virginum
522 2869 617 2942 capita
644 2866 682 2926 ed
708 2867 912 2927 monesterium
933 2880 1018 2924 snum
1040 2863 1093 2924 de-

72 2945 154 3027 ierret,
173 2969 206 3012 ex
229 2952 380 3013 devotione
402 2969 437 3012 ea
459 2971 525 3015 eum
546 2955 613 3013 rino
634 2952 713 3030 levit,
733 2953 794 3012 lota
811 2951 989 3012 deosculans.
1031 2950 1093 3012 Ee·

74 3032 130 3095 dem
155 3046 244 3114 noete,
266 3039 363 3117 puelle
390 3039 475 3100 valde
504 3043 640 3117 speciose
661 3043 691 3099 in
720 3041 826 3100 somnis
848 3039 940 3097 eidem
961 3040 1093 3114 apparuit

74 3137 206 3202 converso,
227 3144 350 3202 eumque
365 3122 576 3208 complexans⁴)
598 3130 652 3186 ait:
673 3126 744 3186 Heri
758 3125 873 3204 quando
896 3131 983 3201 eaput
996 3143 1093 3186 meum

74 3203 170 3289 evoe,
195 3220 253 3274 tam
282 3214 469 3274 amicabiliter
496 3231 542 3274 me
573 3213 754 3273 deosculatus
784 3213 827 3291 es;
857 3229 911 3290 ego
932 3214 984 3273 tibi
1005 3211 1092 3274 modo

75 3296 155 3360 tieem
183 3301 346 3380 rependam.
395 3301 448 3362 Ille
479 3302 683 3378 professionem
715 3317 798 3360 snam
831 3300 1028 3375 considerans,
1061 3305 1093 3358 ut

76 3385 190 3448 osculum
209 3387 322 3468 puellae
336 3390 447 3466 vitaret,
469 3395 555 3466 eaput
574 3389 697 3466 retraxit,
719 3389 816 3464 sieque
839 3405 874 3449 ex
888 3387 991 3448 eodem
1011 3393 1092 3476 motu

92 3587 332 3665 ildeprandus
355 3607 491 3656 uranum,
518 3601 547 3646 ut
570 3591 661 3646 llomil.
684 3591 715 3646 11.
738 3609 764 3660 p.
783 3591 847 3644 llis
866 3603 942 3662 ,mox
958 3595 986 3641 nt
1003 3601 1092 3670 manns

134 3666 254 3731 opposuit,
270 3663 335 3730 lepis
352 3665 444 3715 virtute
462 3661 545 3716 divina
563 3662 661 3716 levatus
672 3661 774 3714 exiliit.“
792 3660 842 3714 Sed
859 3660 930 3712 loces
947 3659 1093 3710 unissimus

134 3741 178 3796 est,
195 3737 280 3802 sieque
298 3731 488 3802 intelligendus:
506 3747 636 3800 opponens
654 3747 722 3800 genu
739 3729 815 3798 lepidi
833 3731 875 3797 qui
886 3726 988 3780 turnlree
1001 3738 1092 3788 super-

134 3803 227 3870 positus
249 3810 313 3856 eret.
332 3829 363 3844 -
383 3795 497 3869 2)Μο
526 3815 627 3870 egens
651 3800 782 3854 sanetis.
802 3825 833 3838 -
852 3797 885 3863 3)
908 3795 928 3846 Β
950 3792 1092 3844 devotos

135 3887 212 3926 este.
229 3901 261 3912 -
279 3874 312 3945 i)
329 3872 352 3926 B
367 3870 566 3939 amplexans.
