2524 4252
187 249 249 312 358
456 247 684 312 oleumcum
711 246 953 333 DUODECIMA

186 369 254 430 tello
283 369 386 430 beatae
407 369 464 430 Dei
486 370 636 431 Genitriois
667 378 857 466 congregatus
885 377 937 432 est.
985 367 1198 447 Melitonus:

186 458 296 517 Verum
328 456 408 516 dieis.
449 456 655 518 NOVIOIUS:
685 439 771 544 Quod
796 461 878 518 iustis
907 459 1107 534 repromissum
1132 462 1200 516 ests

186 543 328 614 Domino:
349 543 520 619 Fulgebuut
540 548 611 604 iusti
631 539 707 604 siout
727 547 803 604 sol
792 565 824 604 ιιι
841 552 934 622 regne
950 545 1055 604 Patris
1076 540 1201 619 eonau'),

15 661 16 668 ι
186 633 283 690 nesoio
316 635 411 689 utrum
441 631 655 708 intelligendum
686 634 723 691 sit
755 632 791 692 de
823 648 942 708 corpore
973 631 1022 691 vel
1054 630 1099 701 de,
1114 632 1200 689 anima

15 719 16 732 ¹
123 791 125 796 ,
186 712 420 777 MONAOHUS:
444 717 572 792 Corpora
587 718 741 786 electorum
755 724 821 795 post
835 719 1068 779 resurrectionem
1083 717 1201 778 lucebunt

187 810 221 863 ut
242 803 383 864 eredimus
404 805 478 863 siout
499 804 558 879 sol,
579 821 638 864 non
659 807 733 864 siout
754 805 839 864 modo
861 805 953 881 lueet,
982 804 1035 864 sed
1057 807 1126 864 siout
1143 803 1202 862 lusit

187 897 254 950 anto
275 891 402 967 lapsum,
430 891 486 951 hoe
508 896 552 951 est
579 891 800 967 septempliciter
814 898 937 951 tantum
959 898 992 951 ut
1019 891 1118 966 modo,
1142 895 1201 949 teste

186 975 279 1037 isaia:
309 977 349 1037 Et
376 979 446 1051 etit,
475 980 531 1052 ait,
559 979 613 1038 lus
642 980 732 1037 lunae
758 986 794 1038 ιιι
822 979 876 1038 lux
904 979 987 1051 solis,
1015 985 1044 1038 et
1072 980 1123 1037 lus
1147 977 1201 1036 solt

187 1065 408 1142 septempliciter
419 1070 455 1123 ui
470 1065 523 1124 lux
543 1072 651 1140 septem
666 1062 819 1140 dierum2).
850 1063 957 1124 Anima
970 1081 1040 1126 vero
1053 1064 1138 1123 multo
1150 1061 1201 1139 plus
1230 1107 1232 1114 ,

119 1164 126 1174 ’
187 1149 393 1226 luoebitquam
415 1166 527 1226 eorpus.
568 1149 771 1211 NOVIOIUS:
795 1151 960 1212 Claritatem
983 1168 1131 1230 corporum
1149 1148 1201 1208 rel-

186 1237 245 1298 lem
265 1237 335 1296 mibi
362 1237 458 1313 aliquo
486 1238 616 1314 exemplo
644 1238 768 1315 probari.
817 1236 1052 1298 MONAGHUS:
1079 1236 1117 1298 Ut
1141 1238 1202 1296 enim

187 1330 299 1384 taceam
329 1323 365 1382 de
392 1324 640 1401 transfiguratione
668 1325 810 1384 Dominioi
839 1327 980 1402 eorporis,
1011 1325 1129 1385 reseram
1160 1323 1205 1381 tibi

189 1411 350 1487 exemplum
372 1410 449 1487 quod
470 1429 562 1486 nuper
584 1410 688 1471 audivi

539 1601 771 1664 CAPITULUM
792 1601 870 1664 LIV.
989 1678 991 1681 .

335 1725 384 1784 De
403 1687 614 1802 glorificabimur
633 1725 744 1800 pedum
764 1725 918 1786 cuiusdam
939 1729 1083 1802 magistra

253 1845 393 1923 Magister
413 1846 530 1922 quidam
550 1846 718 1905 Parisiensis
738 1845 903 1921 infirmatus,
926 1863 992 1906 oum
1014 1846 1050 1906 de
1077 1843 1201 1923 glorifiea-

189 1933 267 1993 tione
289 1949 440 2009 corporum
462 1935 612 2010 cogitaret,
641 1940 670 1992 et
690 1932 863 1992 haesitans
856 1951 885 1991 ιιι
907 1933 992 1994 eorde
1020 1950 1072 1992 suo
1100 1932 1201 2002 diceret,

190 2019 335 2096 quomodo
356 2022 460 2098 poterit
482 2037 545 2080 esse
559 2026 592 2078 ut
606 2036 725 2096 eorpora
745 2023 801 2079 ista
822 2019 919 2080 fictilia
941 2027 970 2080 et
990 2018 1103 2096 putrida
1123 2019 1200 2077 lucere

189 2108 329 2185 possint
321 2126 350 2166 ιιι
370 2107 464 2166 futuro
483 2109 557 2166 siout
578 2106 629 2181 sol,
650 2106 689 2165 ad
709 2107 799 2183 pedes
814 2124 881 2168 suos
903 2125 975 2183 quos
989 2106 1026 2167 de
1047 2109 1200 2184 operimento

191 2200 327 2269 erexerat
348 2196 480 2270 respexit
521 2194 560 2253 Et
580 2211 648 2253 eeoe
669 2200 766 2253 tantus
788 2194 921 2270 splendor
942 2193 977 2254 de
997 2193 1053 2254 illis
1075 2194 1160 2266 exirit,
1175 2193 1200 2247 ut

191 2281 266 2342 oeuli
289 2284 349 2340 eius
375 2282 549 2341 reverberati
576 2297 625 2362 eos
646 2283 748 2352 intueri
768 2283 926 2356 nequirent
967 2281 1095 2357 Moxque
1121 2278 1154 2339 ad
1176 2291 1200 2334 se

191 2385 322 2428 reversus
343 2369 450 2444 gratias
473 2371 531 2445 egit
551 2367 672 2442 Christo,
694 2371 774 2428 ouius
795 2371 899 2442 virtute
920 2375 1075 2444 antequam
1095 2379 1200 2426 morere·

190 2461 238 2514 tur
259 2455 296 2514 ad
317 2453 404 2514 fidem
425 2457 638 2514 resurrectionis
657 2454 791 2514 reduetus
814 2461 865 2514 est.
907 2453 1108 2516 NOVICIUS:
1135 2451 1199 2527 Quo·

190 2542 277 2601 modo
289 2547 424 2617 poterunt
438 2541 512 2600 oculi
526 2548 637 2600 tantum
647 2540 788 2620 fulgorem
803 2541 963 2602 sustinere?
985 2535 1198 2601 MONACHUS:

190 2627 232 2689 Ut
260 2628 328 2688 dieii
356 2626 552 2706 Augustinus,
583 2627 668 2704 longo
698 2636 781 2688 erunt
809 2634 877 2688 tune
905 2628 1022 2688 alterius
1049 2617 1198 2705 potentiuel

77 2801 78 2804 Ἴ
192 2733 280 2793 quam
300 2714 400 2792 modo;
418 2733 486 2775 nam
508 2721 538 2775 et
557 2717 611 2792 ipsi
632 2714 874 2792 glorificabuntur.

553 2903 787 2967 CAPITULUM
806 2905 870 2968 LV.

294 3029 343 3088 De
363 3029 467 3090 David
487 3030 632 3089 monacho
654 3032 706 3106 qui
727 3029 827 3088 oeralos
848 3031 880 3088 ia
901 3029 992 3088 solem
1013 3028 1118 3106 defixit

257 3147 330 3208 Cum
351 3157 467 3211 sanetae
481 3151 684 3211 reeordationis
698 3150 829 3210 dominus
844 3149 941 3209 David
962 3149 1117 3210 monachus
1130 3143 1201 3204 Cluu-

193 3237 309 3294 stronsis
329 3237 424 3297 adhue
446 3245 521 3298 esset
541 3240 570 3296 in
595 3254 728 3312 corpore,
755 3253 842 3314 saepe
871 3236 974 3296 sedens
994 3237 1025 3294 in
1052 3236 1157 3306 labore,
1179 3230 1201 3286 in

193 3322 287 3397 ipsum
308 3322 426 3398 globum
447 3325 569 3385 solarem
591 3325 801 3384 irreverberatis
831 3323 920 3384 oeulis
942 3323 980 3382 ad
1001 3325 1090 3382 instar
1109 3316 1203 3396 aoniae

192 3411 325 3484 respexit.
367 3409 461 3470 Huius
482 3414 522 3472 rei
543 3418 632 3471 testes
654 3419 720 3472 sunt
740 3413 865 3470 seniores
887 3411 1004 3486 nostri‚·
1020 3413 1069 3486 qui
1090 3426 1123 3469 es
1144 3417 1203 3481 qnae

193 3493 270 3556 diota
292 3503 358 3556 sunt
379 3501 491 3572 saepius
513 3499 654 3560 viderunt.
695 3499 727 3559 Si
748 3499 824 3557 enim
845 3497 927 3556 Deus
954 3503 1064 3556 tantam
1091 3497 1204 3556 virtutem

192 3583 291 3646 tribuit
312 3584 402 3644 oeulis
422 3584 548 3710 infirmis,
569 3585 639 3663 quid
658 3585 715 3645 hoe
736 3586 846 3645 miraris
869 3584 904 3644 de
926 3583 1015 3644 oeulis
1039 3573 1204 3660 glorificatis?

210 3751 242 3821 l)
259 3752 347 3890 &Ilpa
355 3751 409 3890 2193,
416 3752 512 3877 34³.-
482 3754 565 3824 -2)
583 3753 640 3807 lsai.
658 3755 702 3820 30,
718 3755 811 3808 30-
832 3754 864 3824 3)
881 3753 1019 3824 Augustis.
1037 3750 1069 3804 ‹le
1085 3750 1155 3806 eiua
1170 3745 1206 3798 brt
