2524 4252
400 265 454 328 Du
475 265 755 330 MOROEN'I'IBUS.
971 293 973 306 ·
1028 268 1090 330 80?

76 385 287 466 blasphemiam,
307 394 340 448 ut
360 387 479 450 diceret:
501 389 580 450 Velit
600 389 671 450 nolit
691 389 786 465 Deus,
807 387 878 450 velit
897 387 969 449 nolit
988 387 1092 451 uede-

75 473 113 534 sia
130 475 267 552 Romane,
288 480 317 535 et
327 472 345 558 ¹)
367 493 466 536 omnes
490 479 590 548 saneti,
612 493 665 553 ego
688 482 792 536 terrem
813 492 908 535 meam
928 475 1053 538 rehabeo
1061 472 1093 558 ²).

74 559 191 638 Moxque
212 562 248 624 de
269 579 344 638 eque
366 565 412 623 aui
432 559 615 642 imidebat³)‚
635 579 730 638 mans,
749 562 919 623 horribiliter
934 563 1093 639 torqueba·

75 651 129 724 tur3
158 653 186 708 at
206 665 273 709 eum
294 666 313 708 a
332 649 468 709 militibus
489 654 565 710 esset
586 649 729 724 elevatus,
757 647 850 709 denuo
872 650 942 725 ruit,
969 664 1094 728 poenum

74 733 179 796 solvens
206 733 408 812 blasphemiae.
450 735 597 796 Reductus
626 752 695 796 veru
715 738 746 794 in
767 734 884 796 domum
905 751 1003 812 suam,
1032 735 1094 812 prl-

75 836 145 882 mum
172 823 298 898 torqueri
319 824 413 899 eoepit
432 824 461 881 in
482 822 619 899 pedibus,
648 821 749 882 deinde
770 823 799 881 in
821 822 965 897 eruribus,
992 828 1094 898 postea
1141 879 1144 892 ,

74 907 242 986 inpeature;
264 914 294 968 et
305 925 371 968 aum
392 911 419 970 ei
439 909 568 970 relietum
583 910 684 970 suisset
704 908 964 986 officiumlinguee
984 911 1009 968 si
1020 909 1093 968 forte

15 1021 20 1030 ·
74 997 208 1068 poenitere
228 993 324 1071 vellet,
354 997 503 1072 ipsamque
525 996 731 1057 consessionem
750 1012 867 1072 prorsus
892 1000 1094 1072 contemneret,

75 1081 142 1142 abas
167 1087 290 1158 quatuor
317 1099 431 1142 menses
459 1100 478 1142 a
499 1083 544 1144 die
566 1100 624 1158 qua
643 1100 796 1160 percussus
818 1087 876 1157 est,
905 1083 1094 1157 impoenitens

75 1169 225 1244 uniant
265 1167 349 1228 Haec
371 1167 406 1229 de
428 1168 539 1246 divitiis,
561 1169 695 1245 superbia
708 1175 796 1245 etque
817 1166 997 1246 blasphemia
1018 1168 1095 1230 ueta

75 1253 132 1312 siut
170 1253 286 1330 Quanta
312 1272 382 1315 vero
410 1271 505 1332 poena
532 1255 724 1332 praedonibus
751 1261 923 1333 praeparata
950 1257 1003 1333 sit,
1029 1253 1094 1316 finis

74 1341 148 1401 unius
167 1335 335 1422 ueneat).

416 1516 648 1580 CAPITULUM
674 1515 740 1576 LII.

111 1641 153 1702 De
172 1648 267 1704 morte
287 1639 437 1702 «lobannis
457 1641 541 1700 Dani
562 1643 614 1716 qui
636 1638 788 1698 diabolum
807 1639 882 1699 uidit
902 1641 935 1698 in
955 1645 1059 1700 morta

133 1761 212 1823 dirae
231 1759 302 1821 illud
323 1767 436 1839 tempus
458 1778 515 1837 quo
535 1761 684 1837 Philippus
702 1759 767 1819 Rex
786 1757 986 1818 inimicabatur
1006 1755 1095 1818 Golo-

75 1847 208 1910 uiensibus
229 1853 346 1926 propter
368 1847 512 1924 Ottonem,
533 1848 647 1908 satelles
669 1845 787 1923 quidam
806 1845 955 1906 Jobaunes
972 1846 1096 1920 nemine,

76 1941 253 2011 euguumentu
274 1935 394 2010 Dauus,
421 1937 597 2012 provinciam
622 1932 812 2010 depraedatus
840 1938 892 1993 est
944 1930 1002 1991 Hie
1030 1948 1096 1992 eum

75 2026 134 2094 post
151 2022 240 2082 multa
259 2021 337 2082 male
357 2025 510 2083 moriturus
527 2027 611 2096 esset,
633 2019 764 2080 diabolus
785 2020 916 2079 morienti
935 2019 1019 2078 nimls
1039 2019 1097 2077 im-

78 2111 205 2182 portunus
224 2109 285 2168 tirit
327 2109 362 2168 In
385 2111 465 2169 euius
485 2115 605 2185 aspectu
625 2107 735 2183 pallens
756 2125 791 2167 aa
811 2113 952 2181 tremens,
980 2103 1019 2165 ad
1040 2106 1097 2165 uir-

79 2201 241 2256 eumstantes
263 2194 421 2256 clamabat:
449 2196 526 2256 Date
548 2195 617 2254 mihi
636 2194 778 2271 gladium,
801 2198 835 2252 ut
854 2192 992 2269 repellam
1012 2208 1031 2252 a
1050 2207 1098 2252 me

78 2277 214 2359 huncqui
234 2283 416 2342 me‘insestat
435 2285 528 2343 virum
548 2283 737 2358 nigerrimum.
779 2279 951 2339 Dicentibus
973 2277 1023 2353 eis,
1043 2294 1098 2338 ne-

78 2368 174 2427 minem
194 2369 241 2430 bie
261 2368 406 2444 videmus,
434 2372 538 2429 invoca
554 2368 665 2444 Deum3
687 2369 773 2426 miser
792 2365 839 2425 ille
862 2365 1029 2441 desperatus
1050 2380 1099 2424 ra·

78 2454 197 2528 spondit:
219 2455 296 2534 Quid
308 2456 377 2515 mihi
390 2461 489 2532 posset
500 2453 645 2533 prodesse,
666 2453 789 2513 simodo
810 2451 892 2511 illum
912 2449 1099 2512 invocarem?

78 2536 206 2619 Multum,
229 2543 372 2620 inquiunt.
417 2542 499 2602 'lune
526 2542 588 2601 ille:
616 2540 698 2600 Deus
726 2541 751 2599 si
778 2545 877 2615 potes,
903 2538 1011 2598 adiuva
1035 2553 1099 2612 me;

78 2627 168 2702 sieque
187 2631 350 2708 exspiravit.
391 2629 429 2688 Et
449 2630 518 2688 satis
539 2630 625 2686 urnae
647 2626 725 2702 quod
745 2625 891 2687 modicum
913 2626 940 2686 ei
962 2623 1100 2700 profuerit

78 2717 132 2772 taur
149 2715 259 2778 infirma
281 2722 310 2776 et
330 2721 390 2776 tam
411 2722 523 2777 extorts
542 2705 695 2774 involutio.

418 2887 651 2950 CAPITULUM
669 2887 750 2948 LHI.

124 3013 168 3073 Da
188 3015 318 3094 quodum
339 3030 423 3074 aereo
445 3031 532 3089 quam
553 3013 614 3072 duo
635 3029 722 3070 canta
743 3028 811 3070 eum
832 3027 863 3070 ae
883 3011 1050 3086 episcopum

387 3101 541 3160 simularet
561 3101 776 3158 laceraverunt.

135 3221 243 3283 Eodem
263 3229 391 3298 tempore
412 3238 511 3281 servus
534 3217 664 3295 quidam,
691 3215 844 3294 aliquando
866 3233 965 3277 cursor
986 3213 1100 3278 Ottunls

80 3303 270 3370 Arebidiauoni
290 3307 472 3384 Leodiensis‚
501 3306 625 3366 officium
646 3323 732 3364 suum
754 3303 902 3389 deserens,
927 3301 1100 3364 multitudini

79 3394 253 3472 praedonum,
274 3412 349 3471 quea
370 3390 475 3474 rutta‘)
496 3392 583 3470 vulgo
606 3393 716 3467 dieitur,
737 3387 797 3472 se‘)
820 3393 981 3452 essoeiarit.
1022 3389 1100 3448 Inter

81 3485 329 3560 quoseplaeapum
350 3482 567 3555 redemimus,
596 3485 625 3539 et
652 3481 819 3555 episcopum
847 3495 899 3554 per
923 3475 1041 3537 iniulam
1068 3489 1100 3534 sa

81 3576 294 3645 repraesentans,
314 3571 399 3629 soeiis
420 3568 512 3627 faeere
527 3571 716 3626 consueverat
735 3571 920 3641 peecatorum
940 3559 1100 3623 absolutio-

97 3683 462 3753 inestimabiliter.
481 3713 513 3724 -
532 3681 836 3750 2JBliPrehabebe.
861 3708 892 3720 -
917 3678 949 3746 3)
966 3673 1032 3730 ΑΒΕ
1049 3675 1101 3726 cui

143 3753 355 3839 insedebatll
373 3755 424 3808 eui
441 3751 625 3816 insederat,
645 3749 709 3803 Biu
726 3765 786 3820 quo
803 3741 1100 3866 seuerae-agitor

142 3824 294 3880 ostendat.
312 3854 345 3865 -
363 3825 394 3893 5)
412 3821 453 3877 cu
470 3830 572 3887 retia,
589 3821 609 3873 ll
626 3819 730 3873 rotha.
749 3848 781 3860 -
801 3819 833 3886 6)
851 3831 885 3870 aa
902 3830 943 3869 orn
960 3813 1004 3870 ΑΕ
1024 3850 1033 3867 .
