2524 4252
380 256 436 320 uu
456 253 737 319 monmnumus.
964 223 967 230 ’
1008 253 1069 312 am

295 421 298 432 ’
371 445 603 510 ennummt
631 445 750 508 xxiv.

78 573 118 634 Dc
138 565 311 633 iheouucb
333 571 368 630 de
389 571 504 630 Rulant
526 571 578 646 qui
600 585 691 628 mous
716 566 758 625 cd
777 566 963 640 sepulchrum
983 565 1051 626 Do-

249 661 323 717 miui
342 663 379 717 ut
398 663 564 716 moreretur
579 653 716 732 precibus
738 651 871 712 obtinuit.

114 779 194 840 Circa
220 777 270 840 illa
297 783 427 854 tempora
448 774 642 836 Theodericus
665 773 700 834 de
721 773 837 848 Ruunt,
858 775 902 832 vir
921 777 1024 849 potens
1047 779 1075 832 et

62 866 143 943 dives,
162 865 319 926 devotionis
339 866 432 942 gratia
453 864 596 939 proiectus
618 860 901 937 cst'Jerosolymam.
943 860 1076 919 Prostra-

62 958 99 1012 tns
110 950 126 1034 ¹)
146 960 212 1014 aute
225 951 408 1028 sepulchrum
420 951 611 1024 Dominicum,
632 947 794 1006 huiusmodi
814 947 887 1006 ludit
905 948 1076 1010 orationem:

62 1039 171 1099 Domine
198 1039 271 1100 Jesu
300 1038 410 1097 Christe
443 1039 491 1112 qui
520 1038 615 1097 omnia
643 1037 733 1110 nosti,
765 1037 789 1105 si
817 1051 875 1092 non
903 1033 997 1093 habco
1030 1049 1076 1094 me

64 1126 199 1188 emendare
227 1127 341 1186 avitiis
369 1126 506 1200 pristinis,
520 1140 592 1182 non
613 1138 659 1180 me
680 1123 827 1196 permittas
848 1121 939 1180 redire
961 1123 989 1178 in
1018 1117 1078 1179 tei·

63 1229 114 1274 ram
140 1229 248 1287 meam,
279 1210 331 1272 sed
359 1217 393 1268 ut
419 1209 466 1269 hic
494 1209 564 1268 mihi
584 1211 655 1267 mori
676 1207 761 1268 liceat
782 1207 915 1268 concede.
958 1205 1079 1266 Audivit

63 1297 126 1359 hanc
152 1302 308 1360 orationem
329 1297 402 1357 alius
422 1296 503 1356 miles
525 1300 670 1372 compater
692 1297 766 1369 eius,
799 1300 828 1354 et
849 1297 901 1353 ait:
932 1293 1077 1354 Orastisne
1134 1301 1136 1308 “

63 1385 125 1445 bena
144 1385 227 1445 hodie
260 1382 426 1461 compater?
468 1383 578 1456 Etiam,
606 1383 705 1457 inquit.
748 1381 869 1446 Dicente
890 1381 953 1456 illo,
983 1387 1012 1440 et
1034 1383 1080 1440 cui

64 1471 137 1530 mltis
157 1471 296 1532 dimittere
323 1487 443 1530 uxorem
471 1476 499 1529 ct
523 1469 627 1529 liberos
648 1467 781 1526 vestros?
813 1461 960 1544 respondit
981 1467 1079 1526 Theo-

65 1556 176 1618 dericus:
195 1557 300 1618 Mehus
322 1562 365 1618 est
385 1564 418 1615 ut
438 1555 501 1615 illos
524 1556 668 1628 deseram,
690 1571 776 1630 quam
798 1557 922 1614 animam
952 1571 1046 1614 meam
1058 1551 1079 1634 ²)

64 1643 176 1719 perdam.
219 1643 298 1721 Quid
322 1642 428 1720 plura?
466 1642 613 1702 Exaudite
642 1646 685 1701 est
713 1643 803 1702 oratio
824 1640 947 1716 religiosi
969 1641 1081 1716 mihtis‚

66 1737 90 1790 et
106 1737 167 1808 post
178 1748 287 1807 paucos
301 1730 360 1790 dics
373 1729 530 1805 defunctus,
552 1731 718 1788 coniunctus
741 1734 784 1786 est
791 1725 811 1808 ³)
834 1729 943 1786 civibus
956 1726 977 1788 J
979 1744 1078 1787 erusa-

65 1815 112 1878 lem
131 1818 267 1880 coelestis.
309 1817 403 1893 Quam
430 1833 520 1892 prope
548 1819 584 1876 sit
611 1815 756 1880 Dominus
781 1814 912 1874 omnibus
940 1816 1081 1874 invocan-

66 1904 131 1966 tibus
151 1922 216 1968 eum
236 1905 267 1965 in
293 1900 449 1984 venatu),
478 1919 555 1964 mors
584 1901 699 1962 alterius
728 1900 876 1962 cuiusdam
899 1900 1081 1962 demonstrat.
1174 1920 1178 1926 ’

393 2093 625 2156 CAPITULUM
644 2093 748 2154 XXV.

106 2219 149 2279 Dc
168 2225 262 2280 morte
283 2217 419 2277 mouocbi
441 2217 476 2276 dc
498 2209 686 2294 Ocsbcoccb⁵)
710 2209 762 2292 qui
782 2219 879 2277 oiocrc
900 2221 1045 2278 recusauit

307 2311 428 2380 proptu
448 2302 593 2362 Abbutcm
614 2303 827 2366 inordinatum.

121 2423 154 2484 In
175 2420 367 2504 Oeabroeck⁶)
388 2427 559 2484 monasterio
581 2423 730 2494 Dioecesia
761 2425 960 2501 Traiectensis,
980 2443 1083 2486 mona-

69 2507 129 2570 chus
141 2511 255 2588 quidam
267 2511 322 2570 suit
337 2515 423 2570 tenax
436 2513 567 2586 iustitiae,
581 2511 674 2570 uelum
686 2510 797 2570 hahens
809 2511 980 2589 discipliuae.
992 2513 1081 2572 Oum-

70 2609 117 2670 que
134 2605 244 2658 mortuo
264 2596 340 2658 illius
351 2596 621 2673 temporisAhhate‚
643 2595 699 2678 etl)
720 2600 745 2656 is
763 2601 812 2673 qui
825 2598 881 2658 hoc
892 2616 966 2659 anno
978 2599 1082 2660 deiun-

69 2689 122 2742 ctus
133 2691 181 2762 est,
203 2686 229 2745 ei
240 2679 292 2761 per'
308 2684 474 2745 electionem
488 2686 713 2759 substitueretur,
732 2684 780 2744 ille
801 2689 893 2744 sciens
913 2703 978 2745 eum
991 2688 1083 2745 virum
1167 2715 1175 2724 ν

69 2771 231 2832 saecularem
244 2777 332 2846 atque
345 2772 572 2846 incontinentem,
581 2774 719 2848 ingemuit
729 2771 840 2832 dicens:
854 2771 921 2832 Heu
930 2772 1015 2832 modo
1024 2772 1084 2832 dis-

70 2856 161 2931 ciphna
171 2857 274 2918 domus
286 2858 371 2918 huius
388 2859 500 2934 peribit.
518 2859 572 2917 Est
586 2861 662 2918 enim
675 2859 711 2918 de
733 2858 831 2918 ordine
844 2861 924 2936 nigro
938 2865 1085 2920 monaste·

70 2943 139 3020 dum,
157 2943 311 3022 aliquando
331 2943 411 3004 dives
436 2947 514 3004 satis
546 2945 586 3005 Et
596 2949 650 3005 ait:
672 2944 797 3004 Domine
809 2944 882 3005 lesu
894 2946 1004 3008 Christe
1016 2953 1084 3023 peto

69 3043 100 3088 ue
114 3033 186 3092 sinas
217 3047 264 3092 me
286 3031 391 3090 diutius
412 3033 525 3107 vivere,
551 3049 588 3092 ne
596 3029 617 3112 ⁰)
646 3032 759 3092 videam
777 3031 981 3104 desolationem
1001 3034 1086 3095 huius

69 3119 228 3178 nonasterii.
275 3115 404 3194 Cumque
430 3116 526 3177 induci
552 3137 611 3178 non
639 3125 738 3195 posset
765 3125 797 3178 ut
818 3119 941 3179 eundem
962 3120 1086 3198 ehgeret‚

70 3202 122 3262 eive
139 3205 341 3280 professionem
360 3204 475 3280 iaceret,
496 3208 536 3264 ait
556 3204 593 3266 ad
615 3223 681 3265 eum
701 3212 795 3267 mente
813 3207 977 3282 tranquilla:
1006 3209 1087 3269 Deus

70 3291 148 3367 novit,
167 3290 245 3368 qnod
260 3290 376 3368 diligam
397 3309 465 3368 v0s;
487 3291 540 3351 sed
560 3295 619 3352 scio
634 3293 711 3369 quod
731 3293 830 3369 religio
853 3292 954 3354 domus
975 3292 1089 3374 huiue⁹)

72 3371 220 3438 destruetur
244 3395 297 3454 per
317 3394 379 3439 uos.
420 3377 509 3440 Mane
531 3378 608 3439 dicta
628 3381 717 3440 missa
738 3381 775 3439 ah
799 3381 900 3440 eodem
921 3380 1038 3443 Abbatc
1058 3398 1090 3442 se

87 3543 114 3613 1)
130 3532 171 3600 ΟΡ
188 3549 242 3618 qui
259 3549 544 3617 prostratus-2)
562 3561 660 3602 meam
678 3565 719 3602 orn
737 3550 904 3618 B.-3)DF
922 3553 1092 3605 defunctus

59 3689 62 3698 Ι
132 3624 194 3681 ert,
209 3619 415 3690 coniunctus.
435 3649 463 3659 -
485 3619 518 3686 4)
536 3617 600 3675 Psal.
620 3619 678 3684 tlt,
698 3619 919 3690 18.-5)ADEP
942 3621 1092 3689 Oreburg.

134 3714 163 3726 -
181 3687 214 3756 b)
230 3686 272 3740 ΕΡ
290 3686 447 3772 Otthurg3
465 3689 508 3772 hl)
527 3688 678 3759 Osthrug.
703 3687 859 3742 coenobium
877 3691 925 3743 hoc
947 3689 1014 3741 haud
1031 3705 1093 3757 pro·
1113 3719 1138 3742 ·.

133 3753 171 3806 cul
183 3755 384 3894 θόὺῦἱῐὲιιτειιξίοέο
406 3758 453 3810 lunt
474 3765 556 3810 ertum.
574 3789 608 3798 -
626 3760 658 3829 7)
676 3765 708 3810 et
725 3775 766 3812 om
785 3759 813 3812 li.
834 3790 864 3800 -
883 3760 916 3829 8)
933 3759 954 3812 Β
971 3767 1005 3811 ut
1022 3775 1094 3814 uon.

136 3853 162 3864 -
320 3844 328 3879 r
371 3865 377 3878 .
