2524 4252
158 267 257 330 DIST.
277 267 400 329 DUOD.
421 266 476 326 DE
497 263 678 326 PRAEMIO
699 263 964 327 MORTUORUM.
1011 269 1072 327 315

229 430 986 584 mwmfflm,

78 627 170 710 ml
195 627 539 712 Plrnlruuo
569 627 1051 710 MORTUORUM.

430 777 695 856 w

399 936 655 1002 ,CAPITULUM
679 941 703 1000 I.

287 1065 335 1124 De
351 1067 454 1140 poenit
476 1070 504 1123 ct
517 1065 622 1149 uelocia
643 1071 840 1124 mortuorum

115 1175 225 1246 SICUT
245 1185 316 1245 hora
336 1185 487 1244 undecima
509 1184 583 1244 diem
606 1184 644 1243 ad
666 1201 799 1244 occasum
821 1184 922 1259 trahit,
941 1185 982 1244 ita
1003 1182 1078 1244 duo·

61 1268 160 1331 decima
187 1270 309 1332 eundem
339 1269 490 1330 concludit.
532 1271 612 1330 Bene
636 1278 737 1330 autem*
754 1273 782 1328 in
806 1270 982 1331 distinctione
1004 1271 1079 1331 duo·

62 1355 161 1418 decima
187 1357 432 1418 tractandum'de
463 1359 596 1434 praemiis
628 1365 805 1417 mortuorum
845 1359 980 1433 arbitror,
1012 1361 1079 1434 quia

62 1441 100 1502 die
119 1446 273 1522 completo,
303 1444 465 1504 laborantes
493 1446 522 1501 in
550 1447 636 1504 vinee
655 1451 877 1503 remunerantur.
920 1443 1080 1521 Unicuique

61 1528 195 1590 homiuum
218 1530 277 1590 dies
298 1549 366 1590 auus
389 1537 433 1590 est
452 1547 587 1606 praeseus
609 1533 683 1605 vitm
712 1530 808 1589 videat
830 1530 973 1606 quomodo
994 1531 1080 1592 labo-

61 1623 98 1674 ret
120 1619 148 1676 in
174 1617 312 1677 Ecclesia.
359 1617 430 1676 Dies
459 1617 531 1680 haec
560 1616 731 1692 quibusdam
751 1618 879 1690 brevior,
909 1619 1080 1692 quibusdam

60 1701 173 1778 longior,
206 1702 376 1780 quibusdam
414 1703 529 1777 clarior,
560 1703 736 1784 quibusdam
773 1703 918 1761 obscurior
954 1703 1080 1762 efficitur.

62 1787 123 1848 Dice
151 1789 224 1850 haec
257 1790 320 1849 aliis
353 1797 397 1849 est
430 1788 585 1866 hyemalis,
617 1790 661 1848 hie
694 1789 801 1848 scilicet
829 1792 877 1864 qui
905 1791 933 1848 in
961 1789 1080 1850 infirmi-

63 1881 113 1936 tate
141 1883 207 1936 eunt
236 1884 264 1936 et
291 1879 503 1953 imaugustiis3
531 1877 593 1934 aliie
621 1877 779 1952 aeetivalie,
807 1879 848 1935 eie
873 1875 1005 1936 videlieet
1033 1880 1082 1954 qui

62 1963 87 2019 in
111 1962 198 2040 glorie
225 1965 328 2022 vivunt
355 1969 384 2022 et
413 1962 534 2037 deliciie3
563 1963 625 2021 aliis
647 1981 716 2022 uero
737 1963 877 2038 vernalis,
907 1965 1005 2038 quiin
1026 1965 1085 2024 llo-¹

63 2066 88 2108 re
113 2056 177 2109 sunt
209 2051 379 2125 iuventutie3
418 2049 559 2109 nonnullis
593 2051 782 2125 autumnalia,
814 2049 842 2108 id
879 2057 922 2109 est
957 2053 997 2110 eie
1033 2054 1082 2127 qui

63 2141 147 2195 aetate
174 2139 278 2196 maturi
306 2135 432 2211 pondere
461 2135 590 2194 defluunt
617 2140 779 2195 senectutis.
828 2137 895 2195 Duo
924 2145 991 2196 sunt
1016 2137 1082 2197 loca

63 2223 231 2282 aeternaliter
258 2239 277 2282 a
298 2223 362 2281 Deo
388 2229 572 2298 praeparata,
599 2226 628 2280 in
658 2225 761 2298 quibus
787 2222 869 2282 labor
897 2224 1012 2282 diurnus
1033 2242 1081 2284 re·

63 2315 231 2384 muneratur,
263 2309 374 2368 coelum
396 2309 503 2367 scilicet
524 2315 553 2367 et
572 2309 706 2368 iufemus.
748 2310 782 2368 In
805 2310 884 2369 coelo
905 2327 1013 2369 merces
1039 2318 1083 2371 eet

63 2396 198 2471 iustorum,
220 2399 247 2454 iu
269 2397 377 2455 inlerno
388 2397 701 2471 mereesrepreborum.
730 2396 776 2455 De
796 2395 853 2471 illo,
874 2396 959 2456 iudex
980 2400 1009 2455 in
1025 2398 1081 2458 fine

63 2481 138 2541 horris
165 2483 292 2542 dicturus
324 2488 381 2541 est:
421 2483 520 2540 Venite
553 2481 691 2541 benedicti
713 2484 815 2542 Patris
842 2487 914 2556 mei,
942 2488 1082 2566 percipite

63 2586 178 2644 requam
208 2570 289 2646 quod
315 2568 397 2628 vobio
419 2576 566 2643 paralum
595 2576 636 2628 eet
665 2568 703 2627 ab
736 2573 846 2644 eriqiue
875 2571 986 2629 mundi.
1035 2572 1082 2630 De

63 2655 111 2714 icto
131 2672 215 2716 vero:
237 2657 282 2715 Itc
303 2655 449 2714 maledicti
469 2659 501 2712 in
522 2659 619 2730 iqncrn
642 2662 810 2728 aetermam,
840 2661 892 2730 qui
908 2675 1080 2732 pracpara-

65 2739 134 2819 tur¹)
156 2749 199 2802 cet
218 2741 336 2801 diabolo
358 2749 385 2800 ct
408 2742 518 2816 amyclis
540 2745 600 2800 clue
608 2739 640 2818 ²).
683 2741 799 2817 Quanta
812 2744 848 2800 sit
869 2746 1082 2803 merceriuetc-

64 2843 128 2904 rum,
149 2845 236 2905 quarn
250 2827 413 2901 ineffabilis,
433 2845 519 2903 quem
540 2827 722 2902 admirabilis,
743 2845 831 2903 quam
851 2829 1044 2888 inenarrabilis
1053 2828 1083 2910 ³),

64 2912 145 2976 Italae
167 2918 247 2975 brevi
269 2931 397 2976 sermone
420 2913 634 2990 comprehendit
654 2914 764 2974 diceus:
798 2915 908 2974 Oculus
929 2933 990 2974 non
1012 2917 1085 2977 vidit

64 3001 139 3062 Dec
160 3002 270 3078 obtqua
291 3007 327 3074 tc,
349 3019 425 3076 quoe
434 3005 625 3076 praepararit
642 3001 825 3076 diliqcntibue
847 2999 913 3076 tel).
943 3002 990 3061 De
1011 3021 1084 3080 poe·

64 3089 104 3146 uic
126 3089 226 3150 inferni
253 3105 327 3164 quae
353 3087 573 3147 innumerabiles
582 3084 601 3166 ⁸)
623 3094 703 3162 eunt,
731 3105 835 3148 novem
857 3089 1008 3164 specialius
1029 3108 1084 3151 no-

64 3179 164 3250 tantur,
192 3192 267 3252 quae
295 3176 424 3250 sequenti
444 3173 584 3234 versiculo
607 3174 896 3250 comprehenduntur:
925 3175 995 3251 Pir,
1023 3179 1085 3253 nix,

64 3277 124 3334 uox,
143 3263 262 3337 vermis,
283 3261 387 3336 flagra,
406 3260 536 3335 vincula,
556 3279 624 3337 pus,
646 3260 751 3338 pudor,
771 3262 879 3320 horror.
920 3261 1003 3322 Haec
1024 3271 1084 3322 tor·

64 3354 287 3422 montanorum,
308 3347 364 3405 line
385 3347 527 3422 modoque
550 3355 655 3406 carent.
697 3347 749 3406 Est
770 3347 864 3407 adhuc
885 3354 984 3408 tertius
1005 3349 1085 3409 locus

65 3435 218 3507 posthanc
238 3437 328 3492 vitam
351 3432 522 3508 quibusdam
544 3433 639 3492 electis
661 3433 699 3492 ad
721 3435 899 3510 purgandum
921 3434 1086 3510 deputatur,

66 3527 190 3582 utare
218 3524 413 3598 purgatorium
434 3523 593 3580 vocitatus:
626 3519 683 3581 Hic
704 3521 867 3596 temporalis
896 3529 952 3596 est,
983 3520 1087 3578 duram

83 3687 112 3754 1)
129 3687 234 3742 ACEFP
252 3698 397 3755 paratur.
417 3719 448 3729 -
474 3690 505 3756 2)
523 3689 609 3742 ltlatth.
629 3691 677 3746 25.
695 3692 737 3742 34.
756 3691 798 3742 41.
824 3719 854 3728 -
880 3690 911 3756 3)
935 3687 997 3740 ΑΕΡ
1021 3689 1091 3738 irre-

130 3759 354 3822 numerabilis,
378 3757 420 3812 CF
438 3759 696 3811 innumerabilis.
717 3789 744 3799 -
766 3760 799 3825 4)
817 3758 872 3809 lsai.
891 3759 939 3823 6⁴,
962 3758 987 3808 4.
1007 3785 1037 3796 ·-
1057 3756 1090 3825 5)

130 3828 221 3882 ACEP
238 3829 524 3881 inenumerabiles.
917 3856 922 3865 ·
