2506 4254
159 285 219 348 2¹28
471 285 699 352 urstmorto
724 281 881 352 DECIMA

511 480 743 542 CAPITULUM
768 481 854 543 XIV.

212 599 259 660 De
288 617 426 662 converso
447 605 530 664 cuius
552 607 686 663 oratione
708 605 767 664 olla
789 603 945 681 reseruata
966 605 1133 666 miraculose

518 691 571 749 illo
586 687 606 763 ¹)
628 699 770 768 reparato
793 697 842 750 est.

226 828 294 886 Fuit
310 827 566 912 inflammenrode
587 846 741 890 conversus
762 829 879 906 quidam
900 831 994 892 bonus
1013 830 1178 892 tavernou

163 917 293 991 nomine,
321 923 417 976 custos
442 916 554 977 mediae
581 923 690 993 portae.
732 917 762 976 Is
790 917 943 993 adqnando
972 935 1100 995 egremns
1123 935 1176 980 eum

162 1001 296 1061 iratribus
318 1005 501 1079 carpentariis
522 1010 650 1081 tempore
671 1003 783 1080 hyemis
803 1007 832 1062 in
853 1005 965 1080 silvam,
990 1023 1089 1066 eorum
1106 1012 1177 1065 ntea·

162 1089 227 1149 silla
253 1089 446 1164 custodiebat,
472 1097 502 1150 et
529 1091 635 1150 alberte
661 1092 859 1166 praeparabat.
901 1091 969 1152 Una
995 1093 1101 1152 dicrum
1123 1107 1177 1152 cnm

164 1176 248 1236 solito
270 1177 377 1236 tardius
398 1181 567 1238 surrexisset
587 1177 626 1236 ad
646 1178 772 1254 vigilias,
794 1179 915 1255 egressis
936 1180 1068 1240 fratribus
1088 1178 1123 1241 ad
1140 1178 1177 1238 lo·

163 1263 277 1338 berem,
305 1267 367 1339 ipse
395 1267 537 1324 orationes
564 1282 632 1324 suas
660 1265 851 1340 accelerabat,
879 1271 911 1326 ut
931 1265 986 1326 illis
1007 1267 1178 1342 pulmentaria

163 1351 359 1426 tempestivius
387 1362 556 1427 praeparare
584 1348 762 1432 potuisset²).
804 1351 882 1412 Inter
902 1351 1042 1412 orandum
1062 1354 1178 1431 appourit

164 1436 250 1495 ollam
278 1453 391 1497 aeream
418 1438 502 1513 loeo,
529 1438 581 1499 sed
608 1455 714 1514 aquam
736 1437 841 1498 oblitus
863 1445 907 1498 est
926 1439 1080 1502 infundere.
1118 1439 1178 1500 Post

163 1523 264 1583 horam
285 1524 363 1585 olera
383 1527 574 1601 impositurus,
594 1527 702 1584 inrenit
721 1525 806 1584 ollam
829 1525 1013 1603 candentem
1041 1528 1178 1602 subitoque

163 1611 294 1670 turbatus
323 1619 352 1671 et
378 1612 471 1672 factus
497 1614 558 1672 sine
586 1612 719 1688 consilio,
747 1618 780 1670 ut
807 1612 972 1672 subveniret
993 1613 1066 1674 ollae
1086 1630 1177 1690 aquam

117 1703 119 1706 ’
162 1697 292 1774 [rigidam
326 1699 436 1758 infudit
489 1697 530 1757 At
556 1698 605 1756 illa
633 1705 665 1756 ut
690 1715 761 1758 suae
787 1703 906 1758 naturae
936 1707 1005 1775 est‚·
1030 1698 1176 1760 dissiliendo

161 1783 287 1866 statim³)
315 1787 460 1846 contracta
487 1792 540 1846 est
580 1785 678 1844 Aliam
703 1802 772 1845 vero
794 1785 881 1846 ollam
900 1788 930 1844 in
952 1805 1011 1864 qua
1032 1787 1176 1848 laborantes
1240 1849 1241 1866 ,

162 1880 327 1949 procuraret
353 1890 411 1932 non
440 1872 564 1948 habens,
592 1889 687 1948 genua
714 1873 752 1931 ad
778 1874 935 1933 orationem
956 1873 1049 1951 flexit,
1076 1881 1175 1934 etcum
1240 1869 1241 1926 l

163 1958 285 2019 lacrimis
300 1959 396 2018 Deum
411 1959 573 2035 suppliciter
588 1958 758 2034 imploravit,
778 1965 810 2017 ut
829 1960 1051 2021 misericordiam
1072 1967 1099 2024 et
1118 1977 1176 2020 con-

163 2046 257 2106 silium
278 2048 331 2106 sibi
351 2046 439 2121 daret,
461 2052 600 2122 quatenus
620 2063 673 2122 pro
695 2047 809 2105 nomine
830 2063 882 2106 suo
904 2045 1067 2108 laborantes
1088 2063 1177 2123 exspe-

165 2140 241 2194 ctato
274 2151 332 2192 non
364 2136 542 2210 privarentur
570 2131 673 2192 edulio.
730 2133 799 2192 Pius
831 2133 974 2194 Dominus
1005 2133 1177 2195 humilitatem

163 2223 309 2280 ministerii
323 2224 383 2280 eius
397 2219 555 2295 attendens,
577 2222 733 2278 orationem
750 2222 809 2278 eius
824 2219 977 2280 exaudivit.
1006 2221 1063 2297 Qui
1074 2237 1177 2299 surgens

164 2310 201 2368 ab
217 2311 352 2383 oratione,
371 2307 456 2366 ollam
477 2307 597 2366 eandem
609 2308 689 2365 iuxta
702 2323 734 2366 se
748 2309 887 2383 integram
900 2314 1025 2367 stantem
1039 2308 1177 2386 conspexit

166 2395 279 2456 Gratias
300 2397 385 2472 igitur
406 2411 495 2471 agens
514 2393 587 2468 Deo,
608 2392 695 2452 ollam
716 2395 842 2469 arripuit,
862 2411 968 2469 aquam
988 2395 1096 2471 infudit,
1113 2395 1176 2472 igni·

163 2479 218 2555 bus
240 2481 375 2556 admovit,
397 2480 474 2541 olera
487 2483 622 2557 imposuit
639 2487 668 2540 et
685 2497 719 2539 ea
741 2497 826 2556 quam
847 2481 974 2540 velocius
994 2485 1086 2558 potuit
1105 2482 1176 2542 coxit

163 2570 275 2648 Quibus
287 2567 457 2628 sufficienter
472 2566 605 2641 decoctis,
625 2566 725 2626 horam
737 2569 849 2626 tertiam
864 2565 1075 2649 significavitffi
1089 2573 1116 2628 et
1126 2567 1175 2626 lra-

161 2665 218 2718 tres
253 2659 380 2716 oratione
414 2654 557 2730 completa
592 2653 629 2714 ad
663 2653 847 2714 reficiendum
875 2655 1072 2715 consederunt.
1116 2653 1175 2714 Post

160 2746 343 2806 relectionem
371 2748 467 2801 autem
488 2741 607 2817 professi
627 2747 708 2815 sunt,
737 2743 804 2815 quia
830 2746 890 2800 toto
911 2741 960 2799 illo
982 2749 1172 2818 temporeque

159 2835 200 2894 ibi
221 2832 360 2891 demorati
379 2830 503 2902 fuerant,
524 2834 583 2886 tarn
603 2828 681 2887 bona
702 2825 779 2892 olera
800 2845 859 2886 non
880 2829 1082 2904 comedissent,
1102 2823 1173 2888 sind

161 2926 190 2980 et
217 2921 309 2978 mirati
336 2922 417 2991 sunt,
450 2913 527 2992 quod
548 2916 630 2973 citius
651 2914 734 2973 solito
756 2917 868 2973 tertiam
889 2915 1088 2992 significasset,
1118 2929 1172 2975 cum

158 3002 205 3065 illc
227 3024 262 3065 ex
284 2991 396 3063 diverso
409 3005 486 3078 ipsos
504 3001 682 3078 indignantes
690 2997 710 3082 ⁵)
732 3001 869 3078 putasset,
893 3002 970 3077 quod
984 3002 1089 3062 tardius
1102 3000 1171 3060 solito

160 3110 224 3152 cam
236 3092 387 3168 pulsasset
408 3089 547 3148 Nimirum
564 3091 593 3147 in
615 3088 780 3148 decoctione
800 3087 849 3148 illa
857 3085 878 3168 ⁶)
899 3088 1001 3148 horam
1022 3091 1075 3150 sibi
1094 3087 1171 3166 plun-

157 3195 235 3238 mam
256 3180 423 3254 praeterisse
436 3175 602 3250 crediderat,
623 3176 690 3251 quia
711 3174 822 3234 divinae
844 3177 1049 3252 cooperationis
1067 3175 1172 3235 inaesti-
1237 3245 1238 3248 Ἴ

156 3265 290 3324 mabilem
318 3263 558 3339 dispensationem
581 3279 640 3322 non
660 3261 743 3337 plene
765 3262 913 3321 sentiebat.
956 3261 1003 3322 De
1025 3261 1171 3323 obedientie

155 3367 223 3412 vero
245 3351 415 3427 subiungam
436 3349 613 3426 miraculum,
631 3341 691 3408 iam
713 3345 817 3432 dieto')
840 3346 1031 3410 excellentius.

172 3591 202 3660 1)
221 3589 277 3642 illo
296 3585 344 3641 odd
357 3587 408 3642 ΑΕ.
421 3587 528 3655 -o)ss
546 3595 767 3671 praepararet.
784 3613 816 3628 -··
831 3587 865 3671 β)
881 3587 945 3640 BCP
958 3590 1066 3641 statim
1082 3585 1167 3640 diui-

220 3659 340 3714 liendo.
360 3687 391 3700 -
411 3658 481 3727 t)1)
500 3661 659 3727 signavit,
681 3666 708 3708 et
725 3657 789 3712 rnlre
812 3668 991 3726 argnuaaot.
1018 3657 1088 3713 Conl.
1104 3657 1131 3720 V,
1145 3653 1165 3706 d.

220 3762 251 3772 -
271 3731 303 3798 5)
320 3729 342 3782 Β
361 3745 427 3780 cunr
445 3728 517 3794 ipse
535 3742 717 3779 econverso
736 3727 823 3793 ipsos
841 3727 1079 3796 indignaturos.
1098 3721 1164 3806 7⁶).
1236 3731 1237 3766 l

218 3798 280 3854 CEP
298 3799 398 3862 illom3
416 3811 473 3849 mox
490 3795 511 3850 E
529 3795 636 3880 horam
654 3795 718 3847 sibi
736 3796 917 3878 plurimum,
940 3795 962 3849 Β
980 3806 1098 3866 tempus
1113 3791 1163 3847 erbr

216 3871 393 3940 plurimum.
412 3897 444 3908 -
463 3867 495 3936 t)
512 3865 534 3918 Β
553 3864 742 3917 mrraculunt
760 3873 837 3918 roto.
1236 3875 1237 3931 l
