2506 4254
158 265 221 324 280
440 259 668 326 marmorio
690 259 906 322 UNDECIMA

158 387 257 446 audire
289 386 318 443 in
341 387 508 458 continenti,
537 401 612 460 quae
639 383 762 443 bbenter
788 383 921 443 audietis.
962 383 1003 442 Et
1023 381 1104 442 duxit
1127 399 1182 442 eum

158 474 196 532 ad
218 471 361 548 quendam
383 489 552 531 conversum
569 471 746 529 Goabertum
766 473 891 545 nomine,
913 473 963 546 qui
984 477 1112 530 mortuus
1129 470 1183 527 iue-

158 567 203 618 rat
224 566 254 618 et
272 561 382 617 revixit
425 558 518 634 Quem
540 561 670 616 conversi
691 561 788 616 nescio
810 565 882 633 quot
904 563 974 616 sunt
994 559 1100 632 secuti,
1125 572 1184 631 spe-

158 652 253 705 rantes
274 644 354 720 quod
373 648 441 703 novi
461 645 569 720 aliquid
591 649 693 703 esseut*
707 645 840 702 audituri.
883 643 934 702 Ad
956 660 1031 719 qnos
1051 643 1114 706 ille:
1130 644 1183 702 Vos

160 732 265 792 domini
293 734 447 790 numeratis
473 749 565 790 annos
594 733 786 790 conversionis
814 737 941 806 vestrae,
970 730 1046 790 alius
1072 729 1184 805 quadre-

159 823 254 896 giuta,
281 817 354 877 alius
382 820 481 893 viginti
494 815 525 896 ¹),
554 818 627 876 alins
654 817 763 877 decem.
812 818 877 894 Ego
904 819 990 876 vobis
1019 817 1097 891 dieo,
1117 815 1184 892 quod

159 908 262 965 beatus
283 911 327 963 eet
349 905 508 964 monachus
528 905 576 964 illc
597 908 659 963 sive
681 921 845 978 conversus,
866 907 916 980 qui
937 905 1014 963 bene
1034 921 1091 963 uno
1111 919 1184 976 anno,
1237 925 1238 982 q

160 993 207 1051 vel
227 1009 341 1065 mense,
370 991 417 1050 vel
439 992 517 1066 qnod
538 996 632 1049 minus
653 999 696 1050 est
724 1009 783 1049 une
811 990 1014 1064 bebdomada,
1043 993 1071 1049 iu
1098 989 1184 1049 ordine
1237 983 1238 1004 ¹

161 1085 346 1138 conversatus
367 1085 419 1138 est
462 1078 574 1154 Quibus
596 1096 661 1136 cum
683 1078 807 1153 amplius
829 1078 925 1136 dicere
945 1078 1050 1154 nollet,
1069 1093 1184 1136 recesse-

160 1173 234 1224 runt.
275 1163 325 1222 Ad
347 1182 433 1240 quem
453 1167 598 1224 novicius:
619 1165 705 1241 Rogo
725 1182 780 1223 vos
801 1165 879 1223 boue
899 1164 1003 1239 irater,
1031 1172 1064 1224 ut
1090 1161 1183 1238 aliquid

160 1252 231 1311 mibi
257 1251 384 1310 referatis
412 1251 489 1326 quod
511 1269 557 1311 me
579 1252 719 1310 aedificet
769 1251 932 1327 Respondit
950 1251 1015 1310 ille:
1046 1251 1107 1328 Ego
1128 1267 1183 1310 eum
1238 1293 1239 1316 ,

161 1356 252 1414 nuper
278 1337 450 1412 infirmarer,
478 1345 507 1396 et
535 1356 629 1398 essem
655 1341 684 1396 in
713 1337 859 1397 doloubus
881 1339 1030 1412 maximis,
1060 1340 1134 1397 venit
1152 1334 1183 1395 ad
1238 1331 1239 1334 ’

161 1425 269 1485 lectum
299 1443 396 1484 meum
427 1428 524 1484 neseio
557 1425 634 1500 quid
688 1425 820 1500 Cumque
851 1428 944 1500 primo
977 1427 1114 1502 tetigisset
1138 1439 1183 1500 pe-

163 1512 214 1573 des
248 1528 343 1586 meos,
382 1512 523 1588 gradatim
558 1511 755 1587 ascendendo,
792 1514 886 1588 tetigit
921 1519 1052 1570 ventrem
1084 1527 1183 1582 meum,
1239 1575 1240 1586 ,

162 1617 198 1660 ac
227 1598 329 1659 deinde
355 1605 468 1673 peetus,
496 1615 550 1658 nee
579 1607 676 1657 tamen
705 1617 742 1658 ex
768 1598 870 1658 eodem
899 1603 980 1656 tactu
1002 1597 1106 1674 aliquid
1125 1593 1182 1654 mali
1239 1587 1240 1628 ¹

163 1688 247 1746 scusi.
295 1685 387 1744 Tecto
415 1702 483 1743 vero
515 1688 609 1760 capite
636 1703 718 1759 meo,
750 1703 818 1743 mox
847 1687 1006 1760 exspiravi,
1038 1684 1182 1758 ductusque

163 1789 227 1833 sum
247 1775 278 1831 in
297 1771 393 1831 locum
409 1774 649 1846 amoenissimum,
671 1783 700 1831 et
720 1774 804 1830 nimis
825 1771 1001 1845 deliciosum,
1022 1775 1051 1829 in
1072 1788 1125 1848 quo
1145 1769 1182 1827 di-

164 1863 239 1919 versi
259 1862 370 1936 generis
390 1859 517 1932 arbores,
538 1876 573 1917 ac
594 1859 676 1917 multi
705 1860 806 1917 eoloris
827 1859 912 1917 flores
934 1861 1044 1934 asperi.
1085 1856 1181 1917 Occur-
1240 1889 1241 1900 .

164 1954 262 2006 rerunt
280 1946 351 2003 mibi
371 1953 401 2004 et
427 1948 545 2004 iuvenes
573 1947 792 2020 speciosissimi,
813 1963 832 2004 a
861 1946 966 2019 quibus
994 1945 1180 2004 officiosissime

164 2052 229 2093 sum
250 2033 397 2106 salutatus,
418 2040 448 2091 et
467 2039 534 2090 aute
551 2033 706 2091 Dominam
726 2040 853 2091 nostram
875 2032 948 2091 coeli
968 2032 1107 2108 Reginam
1126 2045 1181 2090 oum

164 2121 256 2180 multa
269 2121 414 2179 alacritate
436 2119 583 2181 deductus.
624 2119 725 2178 Posita
746 2126 789 2177 est
809 2118 878 2176 mibi
899 2118 983 2178 sedes
1005 2135 1087 2178 secus
1106 2115 1180 2194 pedes

161 2210 233 2268 eius.
273 2207 308 2266 In
330 2224 388 2282 que
402 2223 468 2264 curn
489 2206 617 2265 sederem
639 2203 696 2286 iu²)
717 2205 809 2264 multa
830 2205 925 2264 cordis
945 2209 1003 2264 rnei
1018 2203 1181 2274 iocunditate,

160 2297 254 2354 iussere
274 2312 338 2352 sum
359 2292 450 2351 redire
472 2293 509 2352 ed
542 2309 654 2368 corpus.
696 2293 743 2352 De
765 2309 823 2366 quo
845 2310 910 2350 cum
936 2292 1089 2367 plurimum
1113 2289 1181 2350 dole·

160 2397 228 2453 rem,
250 2380 387 2440 consolati
398 2386 522 2439 suntme
546 2379 687 2438 dicentes:
708 2380 752 2438 Ne
766 2382 885 2438 tristeris
893 2377 924 2456 ³),
946 2382 1014 2453 quie
1029 2378 1107 2438 sedes
1119 2377 1180 2435 baec

159 2468 211 2526 tibi
231 2469 436 2540 reservabitur,
464 2474 493 2525 et
513 2474 580 2542 post
600 2467 661 2525 dies
685 2483 795 2541 paucos
815 2466 920 2524 redibis
941 2465 980 2524 ad
1002 2484 1074 2526 eam.
1113 2463 1179 2539 Quos

160 2571 226 2615 eum
256 2557 346 2613 iturus
365 2551 650 2632 adinterrogassem⁴)
672 2553 708 2611 de
729 2559 806 2612 statu
827 2553 922 2612 futuro
945 2552 1048 2612 domus
1067 2557 1180 2620 uenae,

160 2642 378 2717 responderunt:
400 2640 499 2698 Bonus
514 2648 557 2698 est
578 2647 670 2698 status
685 2642 747 2698 eius
767 2657 904 2715 praesens
925 2641 979 2698 sub
1001 2639 1114 2699 Abbate
1133 2635 1178 2694 hoc

161 2728 328 2804 Gisilberto3
349 2743 442 2802 neque
462 2727 527 2802 plus
548 2728 585 2786 ab
609 2730 650 2785 eis
672 2727 801 2786 obtinere
829 2729 919 2802 potui.
968 2726 1051 2786 Circe
1080 2725 1177 2783 tertium

159 2833 228 2874 vero
251 2816 327 2875 diem
347 2832 458 2872 rursum
488 2816 642 2888 exspiravit
669 2813 744 2872 idem
768 2813 938 2871 Goabertus.
987 2807 1175 2872 NOVIOIUS:

161 2903 235 2961 Gom
255 2907 284 2961 in
304 2904 395 2978 primo
417 2900 541 2975 capitulo
562 2901 647 2958 buius
668 2899 855 2958 distinctionis
878 2899 985 2958 dictum
1008 2902 1057 2973 sit,
1084 2895 1176 2956 nollem

163 3005 286 3065 poenam
306 2993 336 3048 in
356 2989 412 3047 bac
434 2991 494 3045 vita
522 2995 613 3046 morte
642 3005 706 3046 csse
734 2989 919 3060 amariorem,
949 2986 1018 3062 quid
1047 2991 1088 3045 est
1113 2978 1177 3059 quod

160 3082 259 3134 uenter
279 3078 397 3134 istorum
418 3091 620 3133 conversorum
634 3074 669 3132 de
687 3073 761 3132 illius
783 3073 970 3132 amaritudine
994 3065 1177 3150 conqueritur?

161 3159 394 3221 MONACHUS:
416 3162 491 3219 Puto
513 3167 623 3220 tantum
645 3161 681 3219 de
702 3159 757 3218 illis
779 3178 843 3219 esse
864 3159 1092 3236 intelligendum,
1115 3171 1177 3232 quo-

161 3265 223 3306 rum
245 3251 339 3307 anima
360 3255 547 3323 separatura
569 3263 686 3322 corpore
707 3264 765 3305 nou
786 3264 950 3321 reversura,
979 3249 1033 3306 uisi
1060 3245 1096 3305 ad
1114 3243 1176 3302 diere

160 3335 264 3394 iudicii.
306 3335 386 3410 Lego
407 3335 548 3392 Lazarum
570 3351 635 3394 curn
658 3333 839 3394 adolescente
860 3351 895 3392 ac
915 3333 1013 3408 puelle
1034 3334 1175 3398 suscitatos,

161 3417 332 3502 babylam)
353 3425 439 3480 etiem
452 3429 480 3480 ct
493 3421 665 3493 Maternum,
686 3437 739 3480 nec
760 3439 818 3479 non
840 3427 870 3479 et
890 3420 995 3479 multos
1016 3420 1095 3494 alios,
1113 3432 1175 3492 quo-

160 3527 223 3569 rum
243 3509 338 3568 nullas
360 3507 395 3566 de
416 3507 471 3566 bac
499 3525 530 3567 re
556 3508 664 3583 aliquid
692 3510 881 3582 conqueritur.
931 3507 1077 3582 Quosdam
1103 3506 1174 3564 etiam

161 3607 219 3657 tem
233 3595 343 3674 placide
356 3594 485 3652 videmus
498 3597 578 3670 mori,
599 3612 633 3653 ac
648 3598 672 3653 si
683 3597 712 3652 in
726 3612 858 3653 somnum
879 3594 1066 3654 resolvantur.
1105 3587 1175 3650 Unde

15 3765 80 3792 ““
181 3767 209 3832 1)
227 3763 268 3817 ΕΡ
285 3764 432 3830 triginta.
452 3791 483 3800 -
501 3762 534 3829 2)
552 3761 614 3814 BCl’
630 3777 706 3813 cum.
727 3791 757 3802 —
778 3763 810 3828 3)
827 3762 849 3813 Β
866 3763 1088 3814 contristeris.
1105 3790 1133 3800 -
1150 3757 1174 3824 t)

229 3833 293 3886 civ
308 3835 575 3900 interrogassem.
595 3861 624 3870 -
644 3833 677 3896 5)
692 3831 782 3882 luban.
801 3831 843 3882 ll.
862 3831 919 3882 tue.
938 3833 962 3882 7.
980 3833 1005 3882 8.
1023 3832 1077 3883 Act.
1095 3829 1117 3880 9.
