2506 4254
363 291 417 353 DE
438 289 718 354 MORIENTIBUS.
791 315 794 322 ⁴
1028 295 1089 352 273

78 421 143 475 esset
156 414 329 491 fortissimus,
351 416 466 491 quidam
488 426 641 475 conversas
662 431 768 491 magna
788 414 844 474 Dei
865 416 957 492 gratia
976 413 1091 492 praedi·
1163 451 1166 456 -

77 510 130 577 tus,
154 519 236 577 quem
263 501 404 562 Dominus
433 505 548 562 secretis
576 502 816 561 consolationibus
845 505 903 561 suis
930 502 1092 579 frequenter
1168 497 1180 510 ”

77 589 201 648 consolari
229 586 406 670 dignatur¹),
432 588 594 648 huiusmodi
625 591 765 649 visionem
786 587 866 648 vidit.
907 583 984 648 Visa
1002 596 1045 648 est
1066 592 1092 648 ei

77 675 164 735 tabula
185 675 379 736 defunctorum
399 677 520 752 pulsari,
542 682 571 736 et
590 677 631 736 ire
654 675 747 751 coepit
767 675 804 734 ad
826 674 1010 734 muniendum
1032 676 1091 736 fra-

76 763 119 820 tris
144 765 253 821 exitum.
296 763 334 822 Et
361 763 433 822 sorte
461 765 609 822 transitum
639 763 748 822 babens
769 779 820 838 per
840 761 976 838 palatium
999 764 1092 840 operis

75 848 180 924 miniei,
198 851 305 910 invenit
325 849 495 909 residentem
516 851 545 908 in
568 866 601 908 eo
623 855 782 909 matronam
803 848 975 909 reverendae
997 848 1092 926 digni-

75 937 146 1010 tatis,
173 939 250 996 cuius
278 937 365 996 iacies
386 937 544 1013 angelicam
564 936 743 1013 praeferebat
763 939 899 1012 gratiam,
927 942 956 995 et
976 938 1091 995 niveum

75 1022 227 1082 indumenta
245 1024 407 1084 candorem.
448 1023 595 1082 Haerebat
616 1025 700 1098 igitur
721 1022 820 1082 definis
840 1025 870 1082 in
892 1039 956 1082 eam
976 1022 1092 1082 lumini-

74 1109 135 1183 bus,
162 1116 251 1169 certus
273 1115 333 1169 tam
355 1109 533 1170 desiderabili
553 1127 693 1185 personae
716 1109 842 1169 divinum
863 1127 969 1169 numen
990 1111 1092 1169 inesse.
1135 1149 1138 1156 ,

74 1193 194 1271 Denique
222 1195 332 1256 unua·
341 1197 492 1256 divinitatis
519 1199 681 1272 praeseutia
702 1214 803 1256 ausum
824 1198 995 1273 praebente,
1022 1213 1092 1273 pro-

73 1283 128 1356 pius
148 1283 271 1358 accedit,
291 1301 348 1343 non
370 1290 500 1343 metuens
521 1284 646 1342 offensae
667 1284 840 1358 periculum,
873 1289 901 1343 et
920 1284 1093 1343 familiariter

74 1369 153 1429 verba
165 1372 285 1429 conserit
298 1370 410 1431 dicens:
431 1369 636 1429 Amantissima
658 1369 780 1445 domina,
802 1370 870 1446 quid
885 1387 988 1430 causae
1002 1370 1092 1431 habes

72 1455 170 1531 ingredi
190 1456 227 1516 ad
248 1474 316 1532 nos,
349 1475 415 1517 cum
436 1457 492 1516 boc
513 1474 571 1515 non
592 1459 628 1515 sit
649 1456 756 1516 licitum
778 1455 935 1516 matronis?
964 1458 1003 1517 Et
1029 1457 1091 1516 illa:

73 1539 185 1616 Speciali
209 1546 301 1619 inquit
331 1546 392 1602 iure
420 1544 521 1620 fungor
548 1545 576 1601 in
606 1543 692 1602 domo
713 1546 783 1618 ista,
812 1550 841 1602 et
864 1547 948 1603 venio
977 1546 1092 1605 visitare

73 1627 211 1690 familiares
241 1636 269 1689 et
297 1629 468 1690 domesticos
495 1629 585 1689 meos.
625 1629 665 1688 Et
692 1630 754 1704 ille,
780 1632 859 1705 piam
885 1647 937 1704 pro
958 1631 1092 1689 iratribus

73 1731 163 1790 gerens
184 1717 413 1791 sollicitudinem,
442 1720 496 1775 ait:
525 1717 601 1776 Eece
621 1716 720 1775 babes
741 1719 830 1775 nostri
850 1718 954 1776 viritim
963 1714 984 1795 ²)
1006 1717 1092 1776 dece-

74 1799 149 1878 dunt,
168 1806 295 1879 iuvenes,
316 1811 346 1863 et
366 1821 456 1878 sanes,
479 1810 507 1862 et
529 1803 693 1878 medioeres,
716 1810 744 1864 et
764 1821 823 1862 non
845 1809 888 1862 est
907 1820 1092 1879 personarum

73 1893 200 1966 acceptio.
243 1889 320 1967 Quid
351 1889 417 1950 inde
438 1891 520 1949 nobis
541 1890 700 1950 laciendum
723 1889 787 1950 est'l
819 1889 857 1950 Et
878 1889 943 1949 illa:
971 1890 1093 1950 Debebis

74 1973 214 2038 decantare
227 1978 270 2038 Te
283 1977 380 2036 Deum
401 1977 550 2038 laudamus
559 1975 589 2055 3).
634 1976 707 2036 (lum
719 1977 802 2053 plura
814 1977 1006 2052 responderet,
1021 1977 1093 2037 haec

73 2067 173 2124 martum
202 2064 292 2124 verba
319 2067 459 2137 retinuit,¹
480 2066 523 2134 vir
555 2063 673 2139 simplex
695 2071 725 2123 et
746 2066 806 2122 sine
827 2063 934 2124 litteris.
976 2065 1092 2125 Interim

73 2147 156 2230 rard)
178 2151 291 2228 pulsata
312 2157 356 2210 est
375 2150 482 2225 tabula,
503 2157 532 2211 et
553 2153 676 2210 cessavit
695 2152 767 2210 risio
788 2151 948 2228 figurativa.
992 2150 1092 2210 Credi·

74 2251 129 2295 mus
148 2240 224 2314 piam
242 2238 298 2296 Dei
313 2237 495 2312 (ianitrieem,
515 2244 615 2313 utpote
636 2243 757 2297 matrem
778 2237 994 2311 misericordiae,
1015 2236 1093 2295 fideli

73 2324 157 2384 suoin
172 2331 262 2386 morte
276 2341 335 2384 uon
348 2323 478 2400 defuisse,
500 2330 528 2384 et
542 2325 598 2384 tale
612 2324 747 2386 indicium
761 2324 901 2384 adventus
915 2327 960 2384 sui
972 2324 1091 2384 dedisse.

434 2513 666 2576 suerrusuu
686 2479 724 2576 νζ

157 2638 204 2698 De
225 2645 320 2697 morie
340 2637 527 2696 adolescentis
548 2637 616 2696 laici
637 2655 704 2695 cum
726 2654 786 2712 quo
808 2637 906 2712 sepeli
927 2655 995 2697 cum

382 2731 546 2784 temeretur
567 2723 774 2799 loquebantur.

127 2843 168 2904 Ea
195 2850 364 2921 tempestate
391 2847 469 2905 venit
496 2844 533 2903 ad
565 2847 778 2905 conversionem
800 2843 966 2904 adolescens
986 2844 1091 2919 laicus,

72 2931 159 2990 muudi
176 2931 364 3009 cpnuptelam
382 2934 561 3009 incorruptus
583 2931 715 3006 evadens,
737 2933 829 2991 carnis
848 2933 1010 3006 integritate
1030 2951 1093 2992 ser-

72 3022 145 3091 vata,
180 3018 257 3094 quod
286 3026 329 3078 est
357 3012 521 3099 magnum⁶)
555 3014 666 3078 divinae
695 3019 882 3077 miserationis
914 3019 1092 3080 beneficium.
1181 3019 1185 3023 ’

72 3095 119 3160 Hic
153 3123 217 3166 cum
245 3121 276 3164 se
305 3105 436 3181 capitulo
466 3111 690 3181 praesentasset,
723 3111 928 3179 consequenter
956 3105 1092 3183 languore

72 3198 205 3265 tlorreptus
240 3193 371 3252 inunctus
405 3200 456 3252 est.
506 3191 571 3268 Quo
599 3194 731 3266 inuncto,
763 3191 836 3250 alius
862 3191 1011 3252 defunctus
1041 3203 1093 3254 est

72 3269 149 3334 Cuius
174 3280 299 3354 exequie
321 3295 386 3338 eum
407 3281 532 3338 universi
551 3281 734 3353 interessent,
761 3277 878 3338 infirmis
899 3282 1010 3339 interim
1032 3285 1093 3340 sine

71 3362 178 3423 mstede
198 3365 310 3440 relictis,
332 3366 441 3424 audivit
461 3365 628 3425 adolescens
649 3364 696 3423 ille
718 3364 819 3424 choros
841 3367 1016 3447 angelorum,
1038 3369 1093 3427 ob-

70 3450 160 3521 sequia
179 3451 282 3512 funeris
303 3454 456 3528 agentium,
478 3458 507 3510 et
527 3448 696 3531 suavitate⁶)
717 3451 899 3527 psallentium
913 3453 1092 3532 magnifioe⁷)

72 3527 216 3598 delectatus
238 3544 289 3598 est
331 3539 451 3616 Insuper
472 3537 588 3615 quidam
610 3556 645 3598 ex
665 3541 734 3616 ipsis
749 3540 972 3615 praesentialiter
992 3542 1093 3598 astite-

87 3645 220 3722 bssarg
225 3653 380 3718 nabetur,
397 3653 439 3707 CF
458 3654 738 3723 dignatusest-
752 3653 1039 3721 2JCEFuicissim.
1059 3684 1090 3694 -

131 3724 162 3788 3)
193 3669 220 3774 B
246 3722 372 3776 debetis
407 3723 446 3776 de
481 3733 577 3776 tanta
616 3741 649 3776 re
679 3725 772 3776 Deum
806 3723 1016 3776 laudara—
1060 3724 1092 3789 4)

131 3789 373 3846 secrevera-
384 3791 705 3862 5)ncsmagnae.-
725 3791 1090 3862 6)Betiasuavitate.

132 3863 211 3930 -7)
230 3861 249 3915 B
266 3862 436 3928 mirifice,
454 3861 594 3915 Dninris.

754 3929 831 4006 12*
