2608 4252
377 291 431 352 DE
451 290 607 353 SANOTA
623 291 769 353 MARIA:

303 553 305 560 ,
380 482 611 560 aerisonum
638 441 763 544 Χιιιι.

64 603 110 660 De
129 605 264 664 mmmm
285 605 406 680 medico,
427 608 476 666 cui
496 613 601 666 coneto
615 606 718 665 Morta
739 610 771 664 tn
793 605 881 684 ebore
896 605 1087 663 electuarium

144 708 226 750 soum
248 695 350 768 primo
371 695 498 768 negavit,
521 699 549 752 et
565 701 672 768 posteo
694 693 847 752 unmdoto
870 691 1001 750 amante

123 827 187 888 Fuit
216 831 244 888 in
279 829 378 890 ordine
412 837 509 890 nostro
539 831 655 908 quidam
682 831 834 908 ph'ysicus,
865 831 956 906 magis
985 829 1085 888 habitu

63 930 143 987 quam
156 922 220 976 actu
229 917 395 992 monachus,
410 920 559 978 occasione
571 918 728 978 medicinae
742 936 793 993 per
803 919 964 993 provincias
976 915 1086 975 discur-

61 1016 130 1076 rens,
150 1009 177 1060 et
196 1005 245 1062 ιιι
265 1021 393 1079 unquam
406 1007 461 1064 nisi
472 1008 510 1063 -in
531 1007 690 1081 praecipuis
710 1005 910 1064 festivitatibus
932 1001 970 1063 ad
983 1019 1086 1063 mona·

60 1090 169 1148 etenim
188 1097 343 1152 revertens.
372 1090 408 1150 In
430 1091 555 1166 quadam
568 1099 685 1152 sanctae
697 1091 754 1150 Dei
769 1089 919 1151 Genitrieis
940 1090 1087 1149 sollemni-

60 1180 116 1232 tate
145 1193 209 1235 curn
234 1183 321 1237 nocte
347 1173 436 1238 star'et
464 1196 530 1238 cum
551 1178 612 1238 aliis
635 1178 672 1238 ad
693 1177 919 1254 psallendum,
911 1182 975 1254 rp'sa
995 1177 1086 1254 Virgo

61 1259 229 1339 beatissima,
258 1263 349 1323 mrdta
377 1263 504 1324 claritate
534 1265 719 1340 circumfusa,
748 1264 895 1324 chorum'
887 1281 950 1340 ipso
971 1264 1086 1324 videme

59 1347 175 1424 ἰιιιιιιι,
195 1347 350 1426 psallentes
372 1353 507 1426 circuivit,
529 1359 559 1410 et
580 1347 615 1412 de
631 1351 727 1428 pixide
746 1369 833 1428 quam
853 1354 884 1411 in
904 1369 992 1410 manu
1015 1368 1085 1427 por*

59 1435 147 1511 tabat,
168 1435 351 1498 electuarium
370 1454 422 1513 per
444 1437 554 1498 coclear
575 1439 722 1514 hauriens,
744 1438 862 1515 singulis
882 1440 911 1498 in
933 1455 967 1498 os
987 1441 1085 1498 mitte·

58 1519 112 1580 bat
153 1521 201 1582 Ad
221 1525 316 1599 ipsum
343 1541 412 1584 vero
440 1527 573 1600 veniens,
603 1543 668 1586 cum
696 1527 878 1601 pertransiret
907 1529 936 1584 et
965 1524 1085 1584 diceret:

58 1606 146 1668 Tude
166 1627 231 1669 meo
253 1609 404 1672 electuario
426 1629 484 1671 non
503 1613 622 1688 indiges,
645 1615 712 1688 quia
732 1613 860 1672 medicus
883 1627 922 1686 es,
946 1615 975 1670 ιι
994 1611 1086 1686 pluri-

58 1711 115 1754 mas
135 1696 185 1756 tibi
204 1696 347 1772 impendis
369 1698 592 1776 consolationes;
613 1699 660 1759 ille
681 1701 767 1758 tristis
781 1705 974 1758 transeuntem
995 1697 1085 1758 oculis

57 1783 223 1858 sequebatur
238 1781 271 1864 ¹),
300 1783 414 1860 culpam
441 1802 658 1863 recognoscens.
700 1784 748 1844 Ab
777 1785 825 1844 illo
854 1787 929 1846 euim
957 1791 1085 1860 tempore

58 1885 109 1928 non
134 1871 188 1928 nisi
213 1887 267 1947 per
293 1871 484 1932 obedientiam
505 1879 622 1932 coactus
644 1873 680 1932 de
701 1874 875 1933 monasterio
897 1871 992 1950 egredi
1014 1888 1085 1932 con-

57 1959 154 2033 sensit3
185 1974 285 2018 omnes
317 1959 478 2034 corporales
507 1959 714 2021 consolationes
741 1961 797 2020 sibi
824 1961 1001 2035 temperavit.¹
1050 1958 1085 2018 In

56 2045 180 2116 proxima
204 2062 260 2104 sna
285 2044 475 2106 sollemnitate
494 2046 622 2107 Domina
647 2053 746 2107 nostra
766 2045 911 2122 praedicto
932 2045 1018 2107 modo
1039 2045 1084 2106 ia·

57 2129 145 2190 mulos
171 2148 240 2192 suos
267 2132 401 2208 visitans,
427 2139 582 2210 postquam
609 2134 647 2193 ad
673 2133 817 2192 medicum
844 2135 937 2208 veuit,
963 2131 1085 2210 gradum

57 2213 113 2274 lixit
134 2224 163 2277 et
181 2220 236 2278 ait:
259 2217 335 2294 Quia
356 2224 384 2278 te
405 2219 577 2296 emendasti,
601 2224 658 2281 tuis
678 2219 892 2280 medicamentis
912 2237 979 2280 mea
998 2236 1085 2295 prae-

56 2301 153 2378 terens,
171 2321 239 2365 ecce
262 2304 298 2364 de
318 2321 382 2364 meo
397 2304 549 2368 electuario
570 2309 644 2366 sicut
657 2309 758 2367 ceteris
778 2308 830 2366 tibi
850 2309 1003 2384 impartior.
1037 2305 1085 2368 De

57 2405 109 2463 qno
130 2397 163 2450 nt
181 2394 323 2468 gnstavit,
341 2409 409 2451 mox
430 2399 542 2452 tantum
563 2393 720 2458 dulcedinis
742 2412 776 2454 ac
798 2395 957 2454 devotionis
978 2410 1084 2454 conce·

55 2479 106 2565 pit,
134 2485 167 2537 ut
186 2479 321 2554 deinceps
342 2478 451 2544 stabilis
471 2483 501 2538 in
523 2484 742 2558 congregatione
763 2488 913 2555 maneret,
939 2486 967 2540 et
989 2482 1085 2541 omnia

57 2566 144 2624 carnis
169 2565 321 2626 commoda
346 2572 483 2644 tanquam
511 2575 637 2643 stercora
648 2564 668 2648 ²)
698 2574 850 2644 reputaret.
891 2567 1085 2628 Electuarium

56 2649 129 2709 istud
146 2653 238 2728 gratia
251 2651 409 2712 devotionis
424 2653 595 2732 intelligitur,
618 2657 697 2715 cuius
718 2658 822 2716 virtute
835 2654 990 2731 psallentes
1012 2670 1084 2713 con-

56 2736 202 2814 fortantur,
231 2741 311 2798 cuius
334 2739 482 2800 dulcedine
503 2740 586 2800 labor
616 2740 778 2820 vigiliarum
806 2743 925 2801 vertitur
952 2743 982 2799 in
1010 2739 1082 2800 deli·

58 2825 120 2884 cias.
167 2825 261 2884 Huius
283 2829 394 2902 species
425 2831 599 2888 aromaticae
630 2835 697 2888 sunt
718 2830 855 2889 memoria
883 2827 1084 2902 compunctiva

57 2909 218 2972 Dominicae
257 2915 466 2989 conceptionis,
500 2917 672 2990 nativitatis,
713 2922 742 2975 et
775 2914 949 2991 reliquorum
984 2925 1108 2972 sacra-'

57 3005 209 3058 uentorum
238 2998 358 3075 Christi,
390 3017 464 3077 quae
493 3004 588 3062 omnia
616 3003 751 3062 melliflua
779 3019 830 3077 spe
859 3001 971 3062 subuae
998 3001 1083 3059 retri-

58 3083 174 3146 butionis
213 3086 396 3161 condiuntur,
429 3094 465 3160 ,et
503 3090 608 3148 meritis
644 3089 760 3148 beatae
778 3089 903 3164 Virginis
934 3086 1083 3162 psallenti-

58 3169 106 3230 bus
140 3171 331 3234 iniundunsrr.
387 3171 589 3234 NOVIGIUS:
620 3174 728 3234 ‘Placet
764 3174 841 3250 quod
877 3173 956 3233 dicis.
1004 3171 1083 3232 MO-

57 3256 223 3320 NACHUS:
256 3259 353 3336 Quod
373 3259 451 3338 apud
482 3261 597 3322 beatam
631 3260 804 3320 Genitricem
825 3257 924 3340 ,Dei³)
956 3267 1084 3336 ungenta

56 3347 107 3404 ciart
120 3348 256 3421 sanativa,
277 3351 397 3406 testatur
409 3363 531 3424 sponsus
553 3349 581 3406 in
595 3347 719 3408 Cautieis
733 3348 843 3408 diceus:
864 3346 992 3406 Mettum
1013 3355 1083 3406 sum

57 3431 145 3491 ubero
166 3439 218 3494 tua
239 3435 326 3508 uino,
347 3433 420 3492 odor
433 3441 632 3510 ungentorum
654 3441 776 3494 morum
788 3453 878 3512 super
895 3437 995 3493 ornata
1009 3451 1081 3493 uro·

56 3514 175 3594 umm‘).
196 3519 247 3615 'Et
266 3521 296 3578 in
317 3518 373 3580 alio
387 3518 451 3580 loco
472 3523 500 3579 in
516 3537 639 3597 persona
658 3521 746 3581 illiusr
768 3522 852 3582 siem
873 3537 1082 3600 cynamomum

72 3789 446 3874 i)Biusequeltatur.—
414 3793 497 3864 2)
514 3793 620 3865 Philipp
638 3797 756 3864 3,8.-
777 3795 809 3864 3)
827 3792 892 3848 BCl)
909 3793 965 3845 liei
986 3792 1081 3845 Geni-

121 3863 238 3918 trirem.
258 3863 533 3936 -tjcantt,1o.
