2506 4254
168 308 230 368 218
463 302 707 369 ,oleumcum
731 302 888 364 DECIMA

167 429 254 488 eb'am
274 425 412 488 miraeula
430 431 492 486 tam
512 444 564 503 per
584 425 676 488 malos
697 443 785 503 quam
804 443 858 504 per
878 427 972 487 bonos
982 420 1010 507 ¹)
1052 425 1097 487 De
1115 425 1186 488 bonit

168 514 297 592 quaestio
317 530 377 574 non
398 519 455 590 est,
485 513 520 573 de
541 513 625 574 malis
645 531 715 574 vero
737 513 871 574 Salvator
893 513 961 574 dicit
980 515 1010 572 in
1030 511 1185 590 uvangahu

167 601 258 662 Multi
279 599 374 660 duent
393 597 498 670 mdei2)
521 604 552 660 ia
573 602 626 660 illa
647 601 708 674 die,
735 602 865 660 Domine
886 601 1029 674 Dombre,
1050 603 1185 660 uouueia

167 691 285 750 nornine
299 695 351 747 tuo
367 688 618 763 prophetavimus,
639 694 668 747 et
679 691 712 746 ln
726 691 844 746 nomiae
866 694 917 746 tuo
939 687 1096 748 doemonia
1115 689 1185 746 eieci

167 775 256 836 mue?
278 781 307 834 et
328 781 431 848 uetera,
452 791 543 850 usque
565 773 755 848 illaqueando
778 778 830 850 qut
852 777 917 833 aetia
925 770 958 850 ³).
1001 771 1184 836 NOVIGIUS:

168 861 251 938 Quae
280 868 323 922 est
351 879 439 921 eausa
458 859 681 922 miraculorum?
722 858 959 920 MONACHUsr
990 859 1084 919 Causa
1103 859 1185 919 multi·

166 949 233 1025 plex
261 955 319 1024 est,
347 949 474 1022 mihique
501 947 716 1023 inexplicabilis.
763 946 927 1022 Aliquando
956 947 1039 1006 Deus
1066 945 1185 1006 mbaeula

168 1042 301 1112 operatur
333 1032 392 1114 up)
424 1037 454 1094 in
482 1034 643 1109 elementis,
675 1041 708 1092 ut
735 1034 902 1094 mortalibus
929 1050 1012 1093 suam
1040 1029 1184 1112 ostendat‘)
1240 1061 1241 1072 ι

166 1125 331 1198 potentiam.
373 1121 538 1196 Aliquando
569 1139 676 1198 genera
704 1120 754 1180 dat
778 1121 955 1197 linguarum,
983 1122 1046 1180 sive
1072 1123 1185 1196 spirltum
1240 1153 1241 1198 3

166 1209 342 1286 prophetiae,
364 1214 395 1267 ut
408 1208 570 1267 manifestet
589 1226 679 1271 suam¹
692 1209 869 1283 sapientiam.
902 1205 1066 1283 Aliquando
1079 1209 1185 1285 gratiam

167 1295 217 1354 dat
237 1298 400 1368 sanitatum,
421 1301 454 1353 ut
474 1312 556 1354 suam
577 1313 712 1370 magnam
738 1295 821 1353 nobis
843 1293 952 1354 revelet
972 1293 1184 1353 misericordiam

166 1380 369 1442 NOVICIUS:
401 1381 436 1440 In
465 1383 568 1456 quibus
596 1381 668 1439 fiunt
695 1379 852 1440 miracula?
903 1379 1185 1441 MONAOHU82111

167 1468 337 1544 hominibus,
358 1471 387 1527 in
409 1467 567 1542 elementis,
587 1470 652 1544 igne
674 1469 790 1544 seilicet,
810 1484 891 1543 aare,
912 1485 990 1544 aqua
1011 1474 1041 1528 et
1060 1475 1145 1542 terra,
1161 1467 1185 1524 in

76 1627 79 1632 Ι
165 1556 287 1634 avibm,
315 1557 456 1632 piscibus,
484 1553 655 1615 animalibus
684 1563 712 1614 et
738 1554 894 1630 reptilibus.
938 1554 1020 1631 Quae
1049 1560 1080 1614 ut
1106 1554 1185 1629 magis

167 1643 220 1702 tibi
247 1642 317 1702 fiant
338 1649 422 1717 nota,
451 1642 547 1744 aliqua
569 1642 604 1701 de
627 1641 744 1718 singulis
765 1643 817 1700 tibi
838 1637 1039 1719 subiungant)
1061 1639 1184 1715 exempla

166 1729 214 1789 De
234 1733 341 1790 sanetis
361 1747 429 1790 vero
452 1731 500 1804 qui
519 1730 624 1788 nostris
642 1727 724 1789 fuere
746 1729 930 1804 temporibus,
950 1717 1089 1788 miracula
1107 1727 1185 1804 pluri·

166 1834 215 1876 ma
243 1817 294 1876 tibi
322 1816 415 1877 (heere
442 1833 572 1892 possem;
601 1814 652 1874 sed
680 1817 786 1890 scripta
813 1815 932 1874 aliomm
960 1815 1102 1875 silentium
1126 1811 1184 1871 mihi

167 1905 323 1979 imponunt
366 1903 473 1978 Aliqua
499 1909 595 1961 tamen
621 1902 674 1960 tibi
701 1903 821 1961 referam
849 1900 925 1961 uude
954 1904 1024 1962 satis
1044 1901 1184 1962 miraberis

167 1989 277 2050 Nostris
299 1993 374 2050 enim
397 1991 514 2066 contigit
533 1990 709 2066 temporibus
718 1986 738 2068 ⁷)
761 1987 839 2065 quod
859 1990 995 2065 sequitur.

532 2175 764 2246 CAPITIJLUM
799 2179 838 2239 11.

230 2305 279 2362 De
306 2301 455 2361 Wuondo
488 2307 539 2378 qui
560 2303 644 2378 infra
665 2321 759 2362 uuum
780 2303 886 2361 horam
909 2300 947 2360 ab
968 2301 1130 2361 dormaton

345 2391 507 2449 tramlatue
529 2397 570 2449 eet
591 2393 623 2449 in
644 2391 806 2449 Dioeeeoim
827 2388 1025 2448 Leodieoasem.

230 2528 266 2588 In
279 2529 412 2590 Dioeeesi
425 2529 577 2588 Leodiensi
597 2527 665 2586 villa
686 2545 760 2603 qnae
776 2527 873 2587 Elrelo
896 2526 1005 2600 dieitur,
1023 2525 1111 2586 laicus
1130 2523 1185 2598 qul-

167 2616 234 2676 dam
255 2615 405 2676 habitabat
422 2616 569 2692 religiosus
588 2617 702 2674 nomine
719 2614 888 2689 winandus,
911 2609 1039 2692 matrisi)
1067 2607 1185 2670 monaehi

166 2706 255 2764 noant
275 2703 418 2776 Winandi,
439 2720 458 2763 a
479 2719 536 2778 qno
556 2719 660 2763 nomen
682 2705 775 2777 traxit,
796 2700 965 2760 avunculus.
996 2699 1053 2758 Hie
1074 2703 1185 2772 tempore
1239 2759 1240 2770 ,

167 2791 292 2866 quodam
313 2791 546 2867 peregrinationis
559 2792 652 2866 gratia
673 2806 739 2846 eum
760 2787 932 2864 quibusdem
948 2788 1109 2862 provinciae
1127 2795 1186 2843 suae

165 2875 329 2937 hominibus
351 2876 562 2953 Jerosolymam
588 2876 733 2952 proiectus
756 2882 807 2934 est.
850 2873 885 2932 In
914 2874 959 2934 die
982 2889 1050 2934 vero
1071 2869 1185 2932 Paschae

167 2980 234 3023 oum
246 2971 313 3040 post
332 2964 481 3024 sollemnia
501 2966 651 3022 missarum
672 2979 704 3023 se
726 2963 763 3022 ad
784 2961 906 3021 reditum
926 2960 966 3020 illi
986 2959 1186 3036 praepararent,

167 3051 266 3126 eisque
277 3045 298 3129 ⁹)
327 3051 488 3127 praedictus
510 3050 670 3110 Winandus
692 3056 724 3109 ut
751 3049 838 3108 homo
861 3047 982 3108 devotus
1003 3046 1132 3106 suaderet
1149 3041 1186 3100 di-

168 3153 244 3212 cens,
266 3140 437 3198 conveniens
460 3144 503 3198 est
523 3137 638 3212 fratres,
659 3139 741 3196 utin
762 3137 818 3194 hae
839 3135 1032 3194 sacratissima
1053 3133 1097 3192 die
1117 3130 1186 3206 quie·

167 3231 294 3297 scentes,
322 3241 420 3283 omnes
434 3228 503 3284 ¹eins
524 3225 610 3284 horas
631 3223 844 3300 peraudiamus3
873 3220 1047 3297 persuadere
1067 3235 1122 3278 non
1140 3229 1186 3292 po-

167 3311 229 3368 tuit.
271 3309 482 3371 Festinantibus
512 3314 553 3370 eis
573 3311 613 3370 ad
634 3318 762 3386 portum,
790 3311 851 3385 ipse
871 3309 1021 3381 remansit,
1051 3307 1186 3377 omniaque

169 3396 224 3456 diei
244 3395 371 3454 illiusi
340 3397 434 3456 oiiioia
455 3399 637 3474 peraudiens,
665 3397 743 3456 soluo
771 3402 837 3472 post
858 3412 908 3456 eoa
930 3393 976 3453 die
997 3394 1127 3469 sequenti
1143 3391 1188 3447 itu

188 3600 219 3668 1)
236 3598 276 3652 ΟΡ
294 3597 396 3650 bonor
422 3615 549 3666 quamp
556 3615 590 3651 er
612 3598 776 3650 malos.-
802 3599 834 3666 2)
852 3597 894 3651 GE
912 3596 1026 3649 drenut
1044 3595 1132 3660 mrhr
1143 3577 1188 3644 ΑΙ)

238 3669 410 3720 dieunt.-
431 3669 567 3735 3)llatth.
586 3670 611 3731 7,
628 3669 693 3720 22-
697 3669 781 3720 23.-
789 3667 987 3742 ajouta-
1002 3661 1188 3734 euectus

237 3736 405 3798 ostendat,
423 3738 531 3790 Esuis
548 3735 705 3789 ostendat
723 3753 822 3800 suani,
840 3735 1039 3788 llosteudat
1056 3749 1187 3787 suamn-

238 3807 327 3877 )Cl’
346 3805 516 3858 tradam
528 3805 617 3873 )BC
636 3806 835 3872 temporibus
853 3808 942 3858 contr
969 3807 1045 3856 it.-
1055 3801 1189 3871 ΘΗΜ·

238 3877 430 3939 termatri3s
455 3876 782 3941 Bpatermatrisn-
801 3822 1081 3944 &camdemque
