2506 4254
422 209 727 322 nnumnoums.
1029 261 1091 320 nes

72 383 232 458 disputatum
259 382 371 457 luisset,
400 383 544 458 quomodo
565 383 638 442 foret
659 385 718 442 sine
740 381 865 458 periculo
887 383 1000 441 infantis
1021 383 1092 441 abs-

6 483 7 486 ’
71 469 227 545 trahendus,
257 471 373 530 oonsilio
396 469 543 529 cuiusdam
568 469 679 546 gladius
701 453 787 544 super
808 483 873 527 eum
901 470 1011 545 positus
1040 476 1092 528 est.

70 555 118 614 Ad
136 559 210 616 enisu
226 557 410 634 frigiditatem
428 556 545 616 coluber
563 559 684 630 territus,
705 573 737 614 se
760 558 855 630 erexit,
877 563 906 614 et
926 557 967 614 ab
985 555 1091 614 infante

71 641 171 702 oeoidit.
212 642 267 720 Qui
293 645 469 719 baptizatus,
498 661 606 719 paucos
634 643 790 718 supervixit
817 642 886 701 dies
935 643 970 700 In
999 644 1092 702 orbita

70 729 182 790 eundem
201 736 361 806 serpentem
382 737 512 789 matrona
532 729 620 788 femur
640 729 755 788 bibisse.

378 919 611 979 CAPITULUM
636 919 765 978 LXXII.
830 909 834 915 ’

67 1042 137 1100 Item
157 1042 191 1100 de
210 1043 400 1102 mulierosus*
421 1042 577 1100 dumiensi
602 1059 717 1115 serpens
735 1060 791 1116 per
814 1059 846 1100 os
867 1045 1012 1116 impressus
1035 1049 1091 1114 esi,

367 1136 395 1188 et
413 1135 614 1204 perpaulum
637 1145 775 1204 sprottus·

127 1265 218 1325 Simile
238 1283 312 1342 pene
333 1269 451 1342 contigit
470 1269 500 1324 in
513 1265 646 1325 Dioeoesi
663 1266 837 1325 Traieetensi
857 1269 887 1324 in
908 1266 976 1334 villa
993 1266 1092 1326 Dulre.

67 1350 160 1410 Nutrix
170 1353 279 1412 Allardi
297 1355 402 1412 novicii
418 1355 516 1427 nostri,
538 1353 691 1428 sicutipse
713 1353 782 1411 mihi
803 1353 905 1428 retulit,
929 1371 995 1413 oum
1018 1369 1091 1430 qua·

40 1435 42 1440 ’
68 1437 129 1497 dam
149 1439 194 1498 dio
212 1442 292 1500 iuxta
313 1440 426 1499 alveola
447 1454 535 1516 apum
557 1439 704 1514 dormiret,
728 1442 828 1516 ingens
848 1457 966 1516 serpens
986 1459 1038 1516 per
1059 1458 1091 1500 os

67 1533 186 1585 ventrem
209 1525 284 1585 illius
311 1529 435 1586 intravit.
477 1526 658 1585 Adveniente
687 1528 747 1585 eius
772 1529 872 1586 marito
895 1535 927 1584 ut
949 1527 1092 1586 dormien-

67 1619 120 1670 tem
140 1615 280 1688 exultaret,
301 1613 376 1674 vidit
396 1612 516 1673 caudam
538 1613 576 1672 ad
596 1630 759 1672 mensuram
781 1613 861 1688 digiti
883 1614 1009 1673 eiusdem
1030 1627 1091 1674 ser-

67 1701 151 1771 pentis
168 1700 261 1759 adhue
282 1717 430 1776 superesse
442 1699 468 1778 ¹).
513 1699 606 1776 Quem
628 1717 693 1758 eum
714 1696 885 1778 retrahere²)
908 1717 965 1759 non
986 1707 1103 1776 posset,
1171 1771 1173 1778 s

67 1782 110 1844 illa
137 1787 279 1862 evigilavit
306 1787 417 1846 dicens:
445 1785 541 1846 Valde
567 1785 747 1846 incommode
776 1792 910 1862 soporata
939 1804 1011 1846 sum.
1054 1787 1093 1846 Et

68 1870 150 1931 noluit
170 1877 195 1932 ei
215 1876 332 1934 maritos
354 1873 478 1933 indicare
500 1873 578 1948 quod
600 1873 755 1946 acciderat,
783 1891 820 1934 ne
850 1891 885 1936 ex
906 1876 968 1949 ipso
990 1876 1091 1934 timore

68 1968 221 2019 moreretur.
262 1960 333 2019 Erat
360 1963 435 2020 enim
467 1963 561 2020 vicina
588 1959 691 2036 partui.
743 1959 795 2018 Cui
823 1969 953 2020 amatre
975 1962 1091 2020 oonsilio

67 2043 141 2126 viri³)
161 2046 208 2107 lae
220 2053 249 2106 et
270 2046 364 2106 duleis
380 2064 511 2122 quaeque
532 2049 770 2120 ministrabantur,
792 2058 824 2106 ut
845 2064 962 2123 serpens
983 2048 1092 2108 eisdem

66 2139 186 2207 potatus,
210 2128 376 2209 qniesoe'ret.
417 2134 452 2192 In
474 2135 546 2192 hora
567 2151 635 2193 vero
657 2141 755 2210 partus
777 2135 878 2192 mulier
899 2152 964 2193 eum
986 2136 1090 2195 infante

68 2228 216 2294 serpentem
230 2219 336 2279 effudit.
379 2219 471 2296 Quem
484 2239 549 2279 oum
566 2223 610 2279 vir
627 2227 752 2279 extracto
774 2221 868 2296 gladio
891 2229 1090 2296 exspectasset,
1115 2221 1116 2226 ’

68 2311 92 2362 et
110 2305 155 2365 ille
171 2309 244 2366 siout
258 2315 302 2366 est
321 2307 487 2366 naturaliter
506 2307 639 2382 prudens,
661 2308 699 2366 ad
718 2308 852 2367 feminam
873 2308 984 2384 rediret,
1004 2325 1090 2385 prae-

68 2396 204 2468 occupatis
231 2396 291 2452 eius
320 2395 465 2453 itineribus
495 2395 605 2453 occisus
634 2400 685 2452 est.
734 2393 840 2454 Adhuc
868 2395 969 2454 eadem
990 2396 1090 2454 mulier

67 2478 138 2538 vivit.
179 2479 209 2540 Si
238 2481 334 2539 omnia
354 2484 472 2540 recitare
493 2481 597 2540 vellem
619 2498 693 2555 quae
714 2483 785 2540 meis
806 2482 980 2556 temporibus
1001 2486 1089 2542 mira·
1183 2487 1185 2498 '

68 2564 164 2641 tolose,
187 2567 215 2626 id
238 2575 281 2626 est
303 2574 401 2627 eontra
421 2568 535 2627 solitum
557 2585 671 2635 euersum
692 2575 811 2627 naturae
831 2569 908 2628 faeta
928 2577 1001 2644 sunt,
1022 2575 1089 2628 ante

67 2663 107 2709 me
133 2663 245 2730 tompus
274 2653 420 2729 deficeret,
450 2671 536 2730 quam
559 2656 641 2730 eopia
663 2653 853 2713 dicendorum.
896 2655 1013 2714 Interim
1034 2659 1089 2714 ista

67 2743 165 2813 teneas,
184 2743 211 2799 in
234 2741 278 2800 his
300 2740 462 2816 delecteris3
486 2743 553 2816 quia
573 2740 612 2800 ad
634 2757 755 2816 eaquae
777 2745 868 2818 magis
889 2741 1001 2815 utiliora
1022 2749 1088 2800 sunt

68 2821 167 2885 iestino.
211 2827 284 2903 Quia
313 2831 448 2904 seriptum
477 2835 521 2887 est
543 2827 578 2886 de
606 2827 682 2886 Deo:
711 2827 886 2887 Memuttote
907 2828 1088 2887 mirabilium

68 2913 121 2969 eius
141 2931 216 2988 quoe
236 2911 345 2990 seuit),
366 2915 468 2974 horum
491 2932 564 2990 quae
587 2914 663 2973 dieta
683 2921 750 2972 sunt
769 2915 964 2989 recordemur,
989 2914 1088 2975 dieen-

68 3003 105 3054 tes
132 3017 195 3058 oum
216 3001 376 3078 Propheta:
408 3003 454 3060 Tu
477 3019 505 3060 es
526 3003 609 3060 Deus
631 3006 683 3077 put
701 3002 777 3078 fucis
792 3001 947 3061 'mirabilia
968 3001 1086 3080 solues).

68 3080 129 3144 Non
142 3086 370 3161 nobisDoosine,
391 3087 556 3160 uouuobis,
578 3090 629 3147 sed
649 3092 761 3147 domiui
783 3097 835 3148 tuo
857 3089 897 3148 do
919 3090 1086 3165 pledanae).

68 3165 168 3232 Nomen
184 3173 278 3252 Patris
300 3174 428 3234 Christus
450 3181 501 3248 ost,
523 3192 574 3250 per
596 3193 681 3250 quem
702 3176 865 3235 factasunt
886 3179 988 3236 omnia.
1033 3177 1085 3238 Cui

69 3269 125 3316 mm
152 3260 252 3320 eodem
272 3262 359 3320 Patro
387 3271 416 3320 et
436 3262 542 3338 Spiritu
569 3269 669 3322 saneto
698 3262 789 3322 honor
816 3265 852 3322 sit
873 3271 902 3322 et
922 3267 1086 3341 imperium,

68 3355 112 3412 por
131 3349 223 3407 omnia
244 3347 359 3408 saecula
380 3348 567 3408 saeculorum.
609 3348 713 3408 Amen.

351 3534 785 3588 ψ

86 3683 111 3750 1)
126 3687 146 3740 Ρ
163 3651 264 3743 adhuc
282 3694 312 3742 in
331 3707 384 3743 ore
402 3693 674 3761 superesse-2)
693 3691 735 3745 CF
754 3693 933 3746 extrahere.
949 3721 978 3730 -
993 3691 1024 3754 3)
1043 3688 1085 3742 CF

129 3763 344 3895 agitabat)
361 3761 429 3814 Psal.
450 3762 512 3824 104,
531 3765 555 3816 5.
574 3792 607 3801 -
626 3763 657 3830 5)
674 3761 738 3814 Psel.
757 3765 805 3828 76,
824 3765 864 3815 15.
884 3764 943 3824 1³5,
960 3762 984 3810 4.
1005 3787 1034 3798 -
1055 3761 1087 3828 6)
