2506 4254
417 272 472 334 Dll
495 273 722 338 MIRAGULIS.
1023 275 1084 336 231

66 392 249 456 decoctionem
260 411 398 457 conversa
408 399 490 456 estin
499 396 607 456 fimum.
627 391 816 458 Extrahsntes
826 413 894 458 vero
908 413 1007 474 panes,
1020 389 1086 458 cum

65 483 222 557 reperissent
232 479 250 563 ¹)
271 483 392 543 lennem
406 499 464 544 non
477 485 674 560 substantiam,
696 486 833 560 extimuit,
855 490 884 545 ct
897 485 996 545 fimum
1016 483 1086 546 fimo

64 569 184 644 minuam,
202 575 314 630 tautum
327 569 496 630 miraculum
517 571 609 631 celare
630 588 688 632 non
709 573 811 648 potuit
851 571 1056 631 Mercmannus
1063 567 1086 652 ²)

64 655 210 718 monachus
243 663 355 732 noster,
385 663 454 717 tunc
485 660 620 734 temporis
653 657 829 732 cellerarius,
860 665 971 734 partem
1002 660 1086 718 nnius

64 743 137 818 panis
161 743 244 804 noble
273 743 381 820 ahuht,
409 761 495 820 quem
524 747 661 805 curiosius
683 743 911 819 considerantes,
938 744 978 802 nil
998 747 1028 803 in
1049 760 1085 804 co

64 828 174 889 uidimus
194 829 361 890 nisitimum
376 830 609 908 conglutinatum.
641 831 736 894 Valde
758 833 833 891 enim
845 831 1107 910 celebrafactum

64 921 104 976 esi
120 915 173 976 hoc
192 917 360 1004 miraculum
381 924 509 994 tempore
532 918 642 979 codem.
684 917 779 994 Saepe
800 915 905 998 enim³)
927 917 1008 978 Deus
1029 917 1085 978 ho·

63 1003 145 1064 uhrcs
162 1004 191 1062 iu
213 1021 249 1065 ea
269 1020 300 1064 re
322 1021 380 1080 qua
400 1010 521 1081 peccant
541 1007 631 1082 punit
673 1006 764 1066 Verbi
786 1007 887 1084 gratia.

385 1193 616 1256 cAPrrULUM
636 1195 752 1256 XVIII.

71 1269 124 1376 ¹Dc
143 1315 248 1378 Ottooa
269 1316 305 1376 dc
325 1315 510 1393 Sconiahorp
532 1321 583 1394 poi
602 1335 657 1394 per
679 1324 772 1378 totam
795 1318 1062 1396 Quadoapeeimam

99 1421 196 1464 aarum
217 1404 356 1478 connectit,
378 1411 406 1464 ct
428 1411 499 1480 post
520 1405 640 1464 Pascha
667 1406 726 1465 illia
754 1409 830 1465 vesci
850 1423 913 1466 coc
931 1409 1040 1482 potuit.

117 1541 224 1603 Nobilis
249 1545 294 1601 vir
316 1540 384 1603 Otto
412 1542 450 1602 de
470 1542 664 1620 Sceninburg,
690 1549 772 1620 patre
798 1539 853 1603 buo
882 1545 1021 1604 existente
1047 1559 1084 1603 ex

61 1626 103 1686 illa
127 1637 205 1706 parte
232 1631 319 1690 maris
347 1632 376 1689 in
397 1631 512 1690 servitio
534 1630 666 1704 Domini,
692 1633 755 1706 ipsc
780 1631 876 1706 iniqua
905 1632 962 1706 egit
983 1636 1084 1691 conus

61 1711 216 1792 Dominum,
234 1723 263 1777 et
283 1716 421 1778 adversus
436 1733 551 1777 servum
573 1719 633 1777 eius
654 1723 802 1793 parantem
822 1717 976 1793 proprium.
1007 1717 1083 1776 Nam

61 1801 125 1861 sicut
157 1805 217 1880 ipse
258 1821 325 1864 cum
359 1806 418 1866 suis
460 1804 612 1864 auxiliariis
629 1800 652 1882 ⁴)
685 1804 863 1878 condixerat,
896 1805 973 1863 cives
1005 1802 1083 1880 opIdi

62 1889 129 1962 qood
155 1893 212 1950 iam
240 1889 316 1950 dicto
338 1897 431 1950 castro
453 1892 567 1966 ethnet,
600 1889 698 1950 dolose
720 1893 802 1966 quasi
823 1889 931 1966 aliquid
953 1908 1018 1950 cum
1040 1891 1082 1950 eis

60 1979 220 2038 bacatum
249 1993 411 2038 convocans
423 1974 458 2058 ⁸),
479 1994 582 2053 capere
604 1983 632 2037 et
653 1980 830 2038 exactionem
852 1979 882 2038 in
910 1993 959 2042 eos
987 1978 1081 2038 facere

60 2065 235 2138 proponebat
278 2063 334 2140 Qui
362 2081 427 2124 cnm
455 2061 654 2144 praemuniti&
675 2065 828 2140 fugissent,
857 2081 961 2126 uxores
982 2081 1082 2124 corum

62 2153 86 2207 et
112 2149 213 2210 liberos
239 2150 381 2226 spoliavit
423 2151 461 2210 Et
487 2153 557 2226 quia
585 2157 645 2210 tam
673 2153 769 2227 inique
798 2153 856 2228 egit
877 2158 976 2211 contra
997 2168 1081 2226 snos,

61 2231 190 2296 Dominus
210 2237 297 2314 plaga
310 2237 460 2322 insanabili
473 2237 553 2297 illum
566 2241 714 2314 percussit
744 2237 853 2297 Addita
875 2245 918 2298 est
940 2245 969 2298 et
988 2253 1083 2314 poena

62 2323 194 2383 mimbllis.
235 2323 309 2384 Nam
327 2321 356 2382 lu
376 2327 529 2401 praeterita
544 2323 773 2402 Quadragesima
793 2331 905 2384 tautum
925 2327 1084 2402 appetitum

64 2405 156 2470 habuit
175 2427 274 2472 sames
295 2411 470 2488 comedendi,
491 2417 524 2470 ut
543 2429 602 2471 non
622 2411 716 2472 solum
737 2413 778 2472 eis
799 2428 857 2472 non
878 2428 974 2472 carere
990 2411 1086 2488 vellet

64 2493 114 2555 imo
136 2499 218 2558 etiam
240 2514 342 2558 cocum
363 2515 447 2558 sunm
468 2497 506 2558 ad
520 2496 728 2558 comedendum
748 2498 811 2558 illas
833 2514 932 2558 secum
952 2501 982 2560 vi
1004 2514 1086 2559 com·

64 2581 179 2655 pelleret.
201 2584 280 2662 Quas
296 2601 361 2644 cum
373 2587 545 2662 pertinacius
561 2585 763 2646 manducasset
776 2601 828 2662 per
844 2592 935 2645 totam
951 2585 1086 2663 Quadra·

64 2671 205 2748 amimam
232 2679 408 2748 ventumque
435 2673 535 2733 fixisset
560 2671 599 2732 ad
620 2678 731 2732 sextam
751 2673 850 2732 leriam
871 2679 937 2734 aute
958 2672 1086 2750 Pascha,

65 2752 184 2817 dixerrmt
205 2759 231 2818 ei
252 2759 381 2834 quidam:
408 2758 548 2834 Domine,
570 2759 655 2819 hodia
677 2758 738 2818 dies
760 2766 804 2819 est
824 2757 993 2820 Dominicae
1014 2776 1085 2835 pas-

64 2841 149 2920 sionis,
169 2844 227 2906 dies
242 2845 419 2906 Christianae
440 2845 608 2921 ubilationis,
628 2845 713 2906 hodia
736 2861 835 2906 carnes
850 2847 964 2906 omnino
986 2862 1086 2906 come-
1139 2913 1142 2930 Ι

66 2925 125 2990 ders
142 2948 197 2992 non
218 2932 294 2992 iicet
337 2932 448 3009 Quibus
469 2932 630 3010 respondit:
650 2932 714 3010 Ego
736 2931 821 2992 hodie
843 2932 991 2992 comedam
1013 2933 1087 2993 sicut

64 3011 191 3078 hatenus
212 3018 332 3080 comedi.
367 3017 442 3079 Mira
463 3037 517 3079 res.
551 3019 586 3078 In
606 3021 669 3095 ipso
691 3021 868 3079 sanctissimo
889 3018 935 3078 die
955 3019 1086 3082 Paschae

65 3104 167 3176 quando
195 3123 295 3166 carnes
315 3105 534 3182 benedicuntur,
566 3111 595 3166 ct
614 3105 746 3166 fidelibus
767 3122 819 3181 per
827 3102 848 3186 l)
870 3123 982 3166 sacram
1003 3123 1085 3168 com·

65 3193 213 3253 mmiomm
228 3191 292 3255 illas
313 3193 462 3254 comedere
477 3192 644 3267 licentietur,
664 3193 726 3268 ipsc
743 3188 826 3273 illis⁸)
849 3193 886 3253 ob
909 3194 1085 3270 praedictam

65 3275 302 3356 impressionem
321 3281 397 3340 iusto
417 3280 474 3340 Dei
493 3279 597 3340 iudIcio
619 3274 731 3360 vesci’)
752 3295 811 3338 non
831 3281 938 3356 potuit,
959 3282 1085 3357 piscibus

66 3357 185 3444 lehceps
215 3371 299 3428 utens
330 3384 422 3444 usque
452 3369 482 3426 in
514 3366 589 3428 diem
620 3367 720 3427 mortis
752 3382 832 3427 suae.
858 3365 1084 3428 -riovlcnisz

79 3563 105 3634 1)
119 3567 225 3626 sucu?
242 3571 420 3625 extrahens
432 3601 462 3613 -
476 3573 667 3640 reperisset.
681 3601 713 3612 -
725 3571 758 3641 2)
776 3570 820 3626 ΕΡ
839 3571 1083 3635 llarcInannus,

120 3637 141 3692 B
157 3641 372 3696 llarcinumui.
396 3671 428 3684 -
447 3641 479 3710 3)
502 3644 584 3694 enim
608 3657 647 3695 om
665 3639 701 3706 B;
725 3657 783 3694 mox
800 3639 845 3695 BG
867 3641 1028 3692 Dominus.
1048 3667 1079 3682 -

120 3708 150 3777 i)
171 3708 193 3764 B
216 3711 483 3766 auxiliatoribus.
507 3717 549 3752 -’
566 3712 597 3782 5)
621 3727 803 3766 convocans
826 3709 875 3763 add
898 3709 929 3767 B.
954 3737 985 3750 -
1009 3706 1082 3776 sic

120 3782 316 3902 prserraoniti.
344 3811 374 3824 -
402 3783 435 3852 7)
457 3781 479 3835 B
502 3789 584 3850 posi.
610 3811 642 3823 -
665 3782 697 3852 8)
715 3779 826 3835 ABCDE
847 3779 932 3832 illua
956 3806 989 3818 -
1007 3775 1081 3846 9]ss

120 3863 203 3902 come
233 3865 295 3904 ere.
