2506 4254
401 275 455 337 DE
476 273 755 338 MORIENTIBUS.
1030 273 1091 332 283

77 395 190 478 sugam),
210 397 363 458 multomm
376 399 524 458 criminum
539 395 614 457 mole
636 396 810 456 conscientia
827 397 969 472 gravatus
1001 391 1094 470 Quem

76 495 183 548 sauctus
205 483 355 546 consolans
378 483 460 543 dixit:
488 484 549 543 Diu
570 483 684 560 quidem
705 482 780 542 male
800 483 909 540 vixisti:
936 480 987 540 sed
1008 479 1094 542 hodie

76 573 143 632 scias
162 569 218 652 te²)
248 573 423 632 moriturum.
471 571 536 647 Ego
557 570 712 629 Dominam
726 574 859 628 nostram
888 573 1017 626 sanctam
1037 567 1094 626 Dei

76 657 238 718 Geuitricem
260 664 289 717 et
316 657 440 734 reliquos
461 662 581 717 sanctos
604 673 656 732 pro
678 664 707 715 te
736 657 844 731 rogavi,
874 661 902 714 et
930 653 1015 713 duros
1044 669 1094 713 eos

75 745 173 820 iuveni,
200 751 229 804 et
256 746 309 803 nisi
338 743 488 804 exauditus
515 743 610 818 fuero,
637 749 729 802 totum
758 741 911 801 coelestem
939 742 1094 800 exercitum

75 832 197 891 movebo.
238 831 343 906 Sisque
358 829 502 906 disparuit.
545 829 630 905 Quod
647 847 713 888 oum
732 828 780 886 ille
801 827 915 887 domino
928 827 1094 886 Hermanno

74 917 187 992 Abbati,
209 903 380 994 qdandoque
408 922 570 976 sanctorum
591 915 795 992 Apostolorum
816 915 952 988 Decano,
978 920 1006 972 et
1027 920 1095 972 tuno

74 1003 233 1064 inclaustro
250 1004 349 1079 Priori,
370 1005 524 1077 recitasset,
544 1002 692 1077 respoudit
710 1001 773 1060 ille:
794 1002 875 1060 Bone
898 1000 1010 1060 domine
1030 999 1095 1058 Ru-

76 1089 197 1168 diugere,
224 1107 278 1151 vos
301 1093 370 1150 estis
391 1091 434 1148 vir
454 1095 609 1166 provectae
630 1090 748 1164 aetatis,
770 1093 799 1148 et
818 1087 961 1162 infirmus,
987 1093 1016 1146 et
1038 1087 1094 1146 cito

75 1179 241 1254 moriemini,
264 1179 352 1237 nolite
374 1175 467 1236 dicere
488 1177 542 1235 nisi
562 1178 721 1235 veritatem.
763 1174 844 1234 Bene
864 1179 985 1234 noverat
1005 1175 1096 1234 vitam
1123 1170 1128 1186 “

76 1265 138 1324 eius.
177 1264 337 1341 Respondit
358 1262 498 1322 infirmus:
523 1262 632 1322 Sinon
653 1263 732 1321 suero
753 1267 883 1320 morttms
903 1260 1004 1336 hodie,
1024 1261 1097 1320 hora

74 1367 143 1410 nona
164 1351 231 1426 diei,
259 1351 332 1410 salsa
351 1355 419 1409 suut
440 1366 514 1425 quae
537 1349 602 1407 dixi.
646 1348 722 1425 Quid
748 1347 852 1424 plura?
901 1348 982 1408 Hora
1009 1363 1096 1424 prae·
1174 1420 1178 1428 ι

75 1434 145 1498 dicta
174 1437 331 1498 monachus
363 1437 495 1511 moritur,
535 1442 564 1496 et
595 1436 631 1494 de
662 1438 771 1495 visione
803 1435 886 1494 Prior
918 1433 1096 1512 certificatur.
1140 1439 1144 1448 '

74 1522 260 1586 NOVICIUS:
281 1524 356 1584 Puto
379 1523 532 1583 daemones
554 1523 674 1581 multum
694 1522 823 1596 tremere,
845 1538 909 1580 eum
918 1518 939 1602 ³)
961 1520 1033 1580 tales
1055 1523 1096 1581 eis

74 1610 277 1671 subtrahuntur.
319 1608 554 1669 MONACHUS:
583 1609 663 1669 Sicut
690 1611 782 1668 saneti
803 1606 897 1683 angeli
917 1608 1097 1668 morientium

74 1700 174 1758 animas
196 1697 336 1757 deducere
357 1699 484 1755 nituntur
504 1697 534 1755 iu
555 1695 683 1771 coelum,
704 1696 747 1754 sic
768 1694 862 1770 augeli
883 1692 951 1754 mali
973 1711 1021 1754 eas
1044 1693 1097 1753 de·
1148 1731 1151 1738 ,

74 1783 178 1844 undere
199 1790 336 1845 conantur
357 1784 387 1854 in
408 1783 557 1843 infernum.

416 1955 647 2017 CAPITULUM
674 1955 745 2018 XV.

143 2079 189 2138 Dc
209 2085 304 2139 morte
325 2076 458 2154 Geranpt
480 2097 566 2154 quem
587 2079 716 2138 hmntnes
737 2081 817 2154 cipri
838 2079 1019 2138 aestuares

382 2167 553 2224 mordentem
575 2163 778 2224 observabunt.

131 2283 258 2347 Mortuus
285 2294 330 2346 est
356 2287 386 2346 iu
412 2285 513 2346 eadem
542 2285 627 2345 domo
657 2285 773 2362 quidam
802 2302 955 2346 conversus
982 2285 1097 2344 nomine

75 2367 225 2450 Gemugus.
274 2374 334 2433 Iste
357 2378 424 2433 ante
452 2375 668 2433 conversionem
690 2373 869 2449 quorundam
888 2373 1096 2448 Episcoporum

74 2454 297 2540 Treverensium,
325 2463 486 2520 successive
508 2465 620 2535 tamen,
647 2459 739 2520 iuerat
761 2460 938 2534 dispensator
959 2466 988 2519 et
1009 2459 1096 2518 durus

74 2558 221 2620 paupemm
243 2554 366 2606 exactor.
409 2547 539 2606 Tandem
561 2545 741 2622 quorundam
762 2545 954 2606 admonitione
975 2562 1096 2622 persua-

74 2644 126 2706 sus,
145 2631 353 2694 Hemmenrode
375 2635 467 2709 venit,
488 2634 539 2692 ubi
560 2635 589 2691 in
610 2633 711 2692 habitu
733 2633 871 2692 saeculari
892 2638 1020 2709 tempore
1040 2631 1096 2691 ali-

74 2724 172 2790 quauto
193 2717 228 2779 de
248 2723 363 2797 proprio
384 2721 463 2778 vixit.
505 2720 612 2780 Tactus
633 2721 714 2796 gravi
735 2719 910 2793 infirmitate,
937 2720 1029 2795 magis
1056 2719 1096 2777 ti·

73 2817 145 2864 more
164 2807 310 2882 gehennae
333 2823 418 2882 quam
441 2823 539 2867 amore
559 2807 668 2882 patriae
689 2805 819 2866 habitum
840 2805 974 2880 induens,
998 2807 1029 2862 iu
1049 2806 1096 2864 in-

73 2887 238 2953 firmitorium
250 2910 452 2954 conversorum
466 2892 632 2968 deportatus
654 2898 706 2951 est
748 2891 888 2968 Quicum
909 2891 947 2950 ad
968 2898 1096 2951 extrema

74 2974 237 3056 devenisset,
271 2987 300 3039 et
317 2982 346 3038 in
364 2978 468 3039 lectulo
476 2975 498 3058 ⁴)
528 2997 580 3040 suo
608 2978 687 3038 solus
708 2979 823 3053 iaceret,
844 2980 998 3054 aspiciente
1019 2995 1095 3055 quo-

74 3061 132 3123 dam
170 3083 307 3126 converso
348 3069 478 3125 nomine·
499 3066 635 3140 Ludoue,
678 3064 805 3124 vultures
839 3065 1027 3140 advolantes,
1065 3068 1095 3124 in

75 3153 172 3222 pertica
203 3153 269 3214 lecti
306 3155 367 3212 eius
398 3152 582 3228 resederunt,
621 3169 686 3211 cum
720 3153 823 3226 quibus
855 3151 984 3212 homines
1015 3155 1094 3227 tetri,

74 3241 159 3312 magni
179 3246 265 3316 atque
284 3239 424 3299 deformes
444 3242 589 3314 intrantes,
611 3237 733 3297 eundem
749 3239 1002 3300 circumsteterunt.
1025 3238 1095 3300 Jam

75 3319 157 3384 dictus
176 3325 259 3386 Ludo
282 3327 317 3386 de
340 3327 448 3386 visione
470 3328 592 3401 primum
614 3324 773 3399 admirans,
803 3331 831 3384 et
859 3333 925 3401 post
945 3324 1094 3402 paululum

74 3410 141 3482 quod
162 3411 314 3473 daemones
337 3419 447 3487 esseut,
476 3415 524 3488 qui
545 3413 723 3472 morientium
752 3413 862 3481 animas
890 3415 970 3488 quasi
998 3429 1094 3472 escam

73 3499 277 3576 praestolantur,
298 3502 474 3575 recogitans,
502 3498 561 3559 alta
582 3515 654 3558 voca
676 3498 825 3558 clamavit:
855 3499 931 3575 Quid
952 3501 1033 3558 statis
1053 3498 1093 3557 ibi

74 3598 119 3642 vos
138 3585 262 3645 domini?
305 3586 486 3663 Egredimini.
530 3585 587 3662 Qui
616 3585 684 3644 dum
710 3588 825 3645 minime
854 3587 1015 3658 obedirent,
1043 3600 1093 3642 so·

74 3671 156 3733 cundo
177 3674 324 3734 clamavit:
353 3673 417 3750 Ego
446 3673 529 3732 vobis
554 3674 697 3749 praecipio
726 3675 755 3731 in
781 3675 895 3732 nomine
916 3671 1033 3730 Domini
1061 3676 1093 3730 ut

90 3783 116 3854 1]
130 3763 190 3842 DFP
207 3791 308 3860 angit.
326 3789 410 3842 Simile
428 3796 467 3840 est
484 3787 545 3841 ittud
563 3787 660 3858 deget
678 3803 753 3854 supra
765 3787 796 3850 u,
814 3787 856 3844 25.
874 3803 898 3854 p.
918 3787 959 3837 97.
979 3813 1010 3825 -
1029 3783 1092 3852 2)c

131 3866 161 3910 te
183 3874 261 3912 asse.
281 3889 311 3900 -
331 3859 364 3928 3)
381 3859 403 3911 Β
421 3857 555 3926 quando.
576 3887 606 3898 —
625 3857 657 3926 4]
676 3857 719 3912 DP
736 3856 832 3910 lecto.
