2506 4254
159 259 219 318 ²48
470 254 697 318 DIS'I'INUI'IO
723 203 881 316 DECIMA

296 518 299 524 ,
493 445 725 508 naumurum
751 401 863 507 xum.

246 570 294 630 De
316 585 441 645 paperto
462 570 546 644 apud
564 569 750 647 Babylonem
772 569 922 646 baptizato
944 575 973 628 et
992 575 1100 628 cotom.

226 689 348 767 Quando
369 692 494 765 pcccatis
514 693 618 748 nostris
640 691 817 766 exigentibus
837 693 867 748 in
882 690 1030 750 obsidione
1041 687 1170 748 Damiatat

163 777 338 836 Christianus
360 779 499 836 exercitus
520 783 658 853 exparte
680 775 764 836 datus
786 779 879 836 estin
901 795 1004 836 manus
1020 775 1171 836 Sarraceno-

161 882 233 940 rum,
252 864 413 940 Episcopus
433 863 617 922 Beluaoensis
627 861 644 942 ¹)
667 863 768 923 ductus
790 869 834 922 est
853 867 883 922 in
899 863 1078 940 Babylonem
1097 863 1170 937 capti-

161 969 225 1026 vus,
246 957 275 1010 et
296 967 361 1010 eum
382 966 416 1009 eo
438 950 528 1009 multi.
571 949 701 1026 Cumque
722 952 791 1010 satis
811 950 936 1010 humane
958 969 977 1010 a
994 949 1113 1010 Soldano
1125 961 1170 1006 tra-

162 1043 313 1111 ctarentur,
333 1037 438 1096 lemine
459 1036 601 1112 quaedam
622 1054 737 1113 pagana
758 1037 827 1097 civis
844 1037 1023 1114 Babylonica
1042 1036 1124 1094 filium
1140 1035 1171 1092 sit

160 1125 288 1184 habebat
312 1123 470 1198 infirmum,
499 1130 532 1182 ut
558 1123 637 1182 nulla
665 1141 731 1198 spes
759 1125 836 1182 vitae
857 1127 983 1184 essetis
1003 1123 1059 1183 illo.
1098 1121 1171 1180 Nocte

162 1210 286 1287 quadam
314 1216 460 1269 ostensum
482 1217 525 1270 est
545 1213 572 1269 ei
593 1214 621 1268 iu
642 1212 763 1285 somnis,
791 1217 824 1269 ut
844 1213 869 1270 si
889 1210 1050 1286 praedictus
1069 1209 1170 1286 Episco-

160 1288 215 1372 pus
234 1297 314 1356 illum
334 1297 501 1373 baptizaret,
520 1313 587 1355 mox
609 1313 723 1356 ornnem
745 1300 871 1373 corporis
892 1300 1057 1372 sospitatem
1071 1311 1171 1370 recupe-

161 1391 243 1443 raret.
284 1384 339 1442 Illa
360 1384 480 1443 sollicita
502 1383 537 1442 de
558 1383 632 1459 filio,
660 1402 745 1443 mane
767 1401 833 1443 cum
841 1381 862 1464 ²)
883 1385 991 1443 familia
1011 1401 1046 1443 ae
1065 1382 1172 1460 parenti-

161 1472 216 1530 bus
236 1470 274 1530 ad
288 1471 461 1547 Episcopum
475 1473 568 1546 venit3
591 1470 658 1547 quid
678 1471 782 1544 yiderit
797 1473 942 1546 exposuit3
964 1472 1098 1547 baptizari
1108 1469 1172 1526 illum

161 1557 306 1616 humiliter
324 1560 426 1634 petivit
455 1563 484 1616 et
504 1559 633 1617 obtinuit.
676 1557 756 1617 Sicut
777 1558 873 1617 retulit
892 1557 1034 1618 Heuricus
1053 1555 1127 1615 miles
1144 1551 1172 1612 de

160 1642 310 1724 Ulmeneb
332 1647 381 1720 qui
401 1661 536 1721 praesens
558 1650 633 1718 erat,
654 1644 851 1728 baptisterium
871 1647 977 1721 pagani
999 1647 1171 1704 circumstete-

161 1737 240 1807 runt,
269 1737 298 1791 ct
322 1734 457 1806 risemnt3
486 1748 608 1807 quorum
633 1733 706 1790 risus
727 1749 828 1790 versus
850 1737 894 1790 est
919 1735 949 1790 in
970 1731 1172 1790 admirationem

161 1818 235 1877 Nam
257 1817 423 1878 adolescens
445 1814 522 1898 qui⁴)
545 1818 711 1894 desperatus
731 1819 859 1892 intravit,
881 1819 1054 1894 baptizatus,
1074 1815 1172 1876 sanub-

160 1923 226 1964 mus
254 1908 350 1965 exivit.
392 1904 482 1980 Spero
511 1905 589 1980 quod
616 1921 708 1980 usque
735 1904 820 1966 hodie
841 1909 870 1963 in
891 1905 948 1964 lide
970 1903 1072 1964 Christi
1090 1917 1172 1980 perse·

161 1997 254 2067 veret;
277 1998 306 2051 et
317 1992 390 2050 torte
412 1992 459 2051 alii
473 1993 533 2052 eius
548 1992 678 2068 exemplo
693 1990 879 2052 crediderunt.
907 1991 965 2052 Sed
979 1992 1047 2069 quid
1060 1989 1173 2066 baptismi

119 2153 125 2160 Ι
160 2081 293 2138 virtudem
313 2080 343 2136 iu
364 2077 617 2154 aliiscommendo,
638 2097 704 2139 cum
724 2079 802 2139 illam
819 2079 984 2138 mirabiliter
1004 2081 1071 2139 satis
1087 2091 1173 2154 exper-

160 2172 207 2225 tus
223 2168 280 2248 'sim
289 2162 309 2245 ⁵)
331 2168 360 2223 in
384 2164 572 2241 memetipso?

492 2354 724 2416 CAPITULUM
751 2355 862 2418 XLIV.

295 2475 370 2536 lum
392 2477 427 2536 de
449 2483 569 2536 anctore
589 2478 677 2536 buius
698 2479 830 2554 Diolopi,
851 2482 903 2554 qni
924 2477 1056 2557 beneflcio

277 2567 280 2576 '
512 2563 648 2638 baptismi
679 2566 839 2624 convaluit.

226 2684 298 2744 Cum
325 2683 420 2744 adhuc
442 2683 577 2744 scholaris
598 2685 735 2760 paruulus
756 2692 883 2762 tempore
905 2685 1031 2763 quodam
1052 2688 1078 2745 iu
1098 2682 1173 2746 mutis

159 2763 328 2846 laborarem,
341 2777 370 2830 et
381 2770 514 2830 semelae
528 2771 653 2832 secundo
666 2779 733 2848 post
746 2768 881 2852 chrisim⁵)
895 2773 1101 2848 recidivassem‚
1115 2787 1173 2832 con·

159 2861 222 2936 tigit
242 2865 275 2918 ut
289 2858 386 2934 puella
407 2858 548 2933 quaedam
568 2876 690 2935 pagana,
712 2877 797 2934 quam
819 2866 972 2920 matertera
992 2871 1057 2921 ntea
1070 2858 1174 2938 pecunia

140 3013 143 3023 .
161 2953 384 3021 comparaverat,
405 2945 604 3021 baptizaretur.
647 2945 783 3004 Habebat
795 2949 868 3005 enim
885 2949 961 3006 eirea
982 2948 1081 3008 decem
1099 2959 1174 3022 annos

159 3035 269 3091 aetatis.
295 3031 420 3092 suasum
434 3039 478 3092 est
491 3034 573 3091 matri
586 3049 668 3092 meae
679 3039 711 3091 ut
725 3033 826 3094 eodem
839 3033 1023 3094 lintheamina
1037 3029 1118 3114 qum)
1136 3030 1181 3090 illa.

159 3117 195 3178 do
208 3118 350 3193 baptismo
365 3121 479 3194 exierat,
491 3118 586 3178 adhuc
602 3119 716 3178 madido
730 3137 776 3178 me
789 3120 962 3196 involveret;
984 3128 1013 3182 et
1028 3124 1108 3181 sciret
1118 3135 1174 3196 gra-

158 3206 227 3263 tiam
258 3207 386 3264 sauitatia
407 3205 525 3266 celerius
545 3213 717 3266 secuturam.
761 3206 845 3284 Quod
866 3225 932 3267 cum
952 3209 1058 3268 sactum
1078 3208 1175 3274 brissei,

178 3335 207 3403 1)
225 3335 395 3400 Bellovacum
412 3338 545 3392 Bcauvais.
560 3370 589 3380 ·-
602 3341 634 3407 2)
652 3340 674 3392 B
692 3340 742 3392 add
760 3341 843 3392 filio.
855 3369 885 3380 —·
897 3341 928 3406 3)
946 3340 989 3394 CF
1007 3341 1045 3393 de
1063 3341 1174 3394 Oinone

228 3405 324 3458 miles.
349 3406 465 3460 Oliverus
477 3409 645 3462 scholasticus
657 3410 723 3476 apud
737 3411 822 3462 Gelen.
840 3411 889 3462 vu.
902 3411 966 3476 Eng.
979 3427 1003 3478 p.
1017 3413 1080 3464 335:
1098 3407 1173 3480 „eapti

227 3484 285 3527 suot
303 3479 328 3527 iu
346 3475 386 3527 illa
405 3476 550 3530 defensione
567 3479 662 3532 electus
676 3479 847 3542 serunensis,
865 3489 891 3532 et
908 3481 986 3532 frater
1003 3483 1057 3532 eius
1070 3479 1174 3533 Camere·

226 3546 278 3600 rius
295 3545 432 3610 Franciaa‚
453 3548 560 3601 attilius
578 3551 647 3610 eius,
671 3551 749 3601 trater
765 3549 961 3618 Andegaucusis
979 3551 1109 3618 Episcopi,
1128 3561 1173 3598 oua

224 3615 321 3668 loauuc
333 3616 434 3668 Daroies
448 3619 503 3670 viro
515 3618 592 3670 nobili
604 3628 629 3672 et
642 3618 840 3681 valdemarum
857 3620 1017 3672 llenrious
1034 3620 1072 3671 de
1089 3616 1173 3674 urna.

225 3686 309 3738 etalii
327 3685 422 3737 multi“.
435 3716 464 3726 -
478 3689 510 3752 4)
528 3687 548 3738 Β
566 3691 618 3756 qui
637 3690 780 3756 quasi—
792 3690 823 3755 5)
836 3688 900 3742 Ber
917 3690 1073 3757 sum—6)
1085 3683 1172 3740 scuit

224 3757 344 3808 erisiru.
370 3755 459 3808 llomil.
477 3757 518 3810 lll.
535 3773 560 3824 p.
579 3758 626 3810 28:
649 3760 715 3828 „iam
733 3757 833 3810 chrisim
851 3758 941 3812 iecisse
959 3757 1030 3811 eos.“
1047 3788 1079 3798 -
1096 3757 1125 3824 7)
1139 3749 1172 3807 (il

224 3841 290 3878 eum
308 3840 377 3894 quo.
