2512 4254
166 267 225 324 rra
255 245 257 252 “
476 264 702 326 orsumouro
725 264 890 329 ocrnvn
916 267 918 274 ’

165 386 277 444 virtutis
298 386 359 444 eius
381 386 469 445 sensit
489 387 636 462 effectum,
669 394 701 447 nt
728 391 778 448 rix
806 387 844 447 ad
871 390 978 447 iactum
1003 385 1127 448 ballistae
1154 385 1187 444 de

1239 400 1249 461 ,ll

164 474 335 531 monasterio
361 473 561 549 progrediens,
591 491 622 534 se
644 480 777 534 sanatum
802 474 1000 552 gratularetur.
1048 473 1097 532 Est
1115 472 1187 533 enim
1240 488 1249 548 p

166 564 198 616 nt
225 576 313 634 supra
341 559 413 634 dixi,
441 577 561 637 maguus
583 566 612 620 et
636 561 728 637 sortis,
761 563 982 638 cttantomagis
1002 559 1188 623 adamandas

129 667 133 674 ·
164 644 340 705 infirmitates
357 646 480 721 validm,
503 649 703 722 quantominus
723 651 753 707 in
773 647 958 708 masticandis
980 648 1050 707 cibis
1070 647 1187 707 dedoctis
1241 645 1249 708 l

166 737 209 791 ost
240 735 370 792 usitatus.
412 733 494 794 Haec
524 734 601 793 dicta
629 737 685 794 sint
713 734 748 795 de
776 734 935 811 Prophetis.
978 733 1025 794 De
1051 731 1188 810 Apostolia

1240 713 1245 743 i

1242 749 1245 778 i

1244 775 1249 814 ἧς

165 835 234 878 vero
264 822 312 894 qui
339 819 466 880 ordinem
486 819 684 896 propheticum
697 817 713 900 ¹)
736 829 894 897 sequuntur
915 828 1058 898 tempore,
1086 819 1188 896 aliquas
1240 817 1249 878 l

164 907 215 965 tibi
231 907 400 983 subiungam
422 909 554 966 visiones.
584 905 788 968 NOVICIUS:
809 905 893 968 Prius
912 908 984 968 milri
1006 907 1071 967 volo
1085 905 1189 984 exponi,

165 1009 253 1067 quare
274 1011 292 1052 a
314 992 425 1052 Christo
447 993 580 1070 Apostoli
608 994 662 1054 sub
686 993 861 1054 duodenario
881 1011 1001 1054 numero
1023 992 1077 1054 sint
1099 989 1188 1064 eleoti‘,
1245 987 1247 1080 ,f

165 1085 194 1137 et
227 1095 315 1155 quare
347 1078 480 1156 Apostoli
512 1083 617 1141 vocati.
669 1079 905 1143 Montanus:
945 1077 1104 1158 Utrumque
1135 1093 1187 1138 uon

163 1166 273 1243 absque
294 1181 399 1244 magno
421 1175 599 1228 sacramento
620 1169 728 1228 iactum
750 1175 802 1229 est.

518 1357 751 1420 CAPITULUM
780 1357 844 1420 LV.

566 1481 615 1540 Do
634 1482 792 1557 Apoatolia,

1243 1200 1247 1250 i

113 1605 116 1612 ’
227 1599 309 1661 Sicut
329 1599 427 1661 dicunt
446 1598 619 1678 Evangelia,
642 1602 770 1663 Christus
792 1603 949 1662 ascendent
970 1598 1035 1680 ἐπ’)
1055 1605 1187 1672 monton,
1243 1618 1247 1644 r

163 1693 279 1750 vocarit
307 1689 350 1748 od
375 1707 406 1748 ae
434 1705 507 1763 quoa
535 1691 643 1764 uoluit,
673 1707 747 1766 poca
768 1695 796 1748 et
815 1685 974 1765 Apostolos
994 1681 1187 1762 nominauit.

161 1773 320 1852 Apostolus
339 1779 539 1850 interpretatur
559 1778 671 1851 missus,
691 1781 764 1836 teste
787 1773 899 1835 Christo
921 1776 969 1850 qui
991 1773 1046 1835 ait:
1067 1773 1133 1836 Noa
1152 1777 1188 1830 eat

161 1859 320 1938 Apostolos
348 1866 446 1920 mator
474 1879 507 1921 co
536 1865 588 1938 poi
616 1867 694 1922 mitit
720 1861 846 1940 dromi).
866 1861 948 1922 Bene
969 1867 1067 1922 autem
1088 1858 1187 1920 dnode-

162 1951 217 2007 cim
239 1953 305 2008 sunt
318 1949 421 2022 vocati,
443 1950 491 2024 qui
505 1947 566 2007 aliis
580 1949 717 2026 mysteria
729 1945 796 2008 fidei
809 1949 1016 2026 praedicarent,
1037 1949 1103 2024 quia
1122 1945 1188 2007 dao-

162 2033 294 2094 denarius
311 2053 454 2118 numerus
464 2041 575 2094 constat
592 2053 628 2094 ex
644 2043 744 2112 quater
756 2038 855 2111 tribus,
871 2036 919 2096 vel
932 2051 969 2095 ex
980 2041 1027 2095 ter
1039 2041 1156 2112 quatuor
1162 2025 1187 2110 ⁸).

109 2144 112 2152 ¹
162 2119 211 2181 Ad
225 2121 294 2182 'hoc
323 2139 390 2198 ergo
420 2121 570 2182 duodecim
598 2131 665 2181 sunt
693 2123 791 2199 electi,
820 2130 852 2182 ut
879 2139 932 2199 per
960 2128 1083 2198 quatuor
1102 2125 1187 2198 partos

161 2205 288 2290 mundis)
310 2211 402 2284 missi,
432 2209 519 2268 fidem
551 2216 667 2270 sanotae
688 2207 835 2290 ltinitatis
863 2207 996 2270 omnibus
1015 2209 1187 2279 nunciarent,

162 2302 190 2355 et
211 2296 358 2356 eredentes
380 2295 417 2355 ad
438 2313 526 2356 unam
546 2295 666 2372 gloriam
694 2304 828 2356 aeternae
847 2295 1032 2356 beatitudinis
1053 2306 1187 2357 convoca·

160 2389 231 2442 rent.
273 2379 436 2443 Duodecim
456 2381 589 2459 Apostoli
610 2381 762 2443 duodecim
783 2389 850 2443 sunt
870 2385 952 2460 signa
974 2383 1061 2460 coeli,
1085 2377 1187 2442 dnode-

161 2471 216 2528 oim
243 2487 356 2528 menses
384 2472 466 2545 anni,
494 2469 646 2530 duodecim
667 2469 756 2530 horae
777 2469 846 2546 diei,
875 2466 1026 2530 duodecim
1048 2468 1186 2530 mellaotn

161 2571 266 2615 corona
294 2573 415 2632 sponsae
428 2553 457 2635 ²).
501 2555 629 2617 Christus
650 2574 719 2617 vero
742 2557 854 2617 coelum
875 2563 936 2632 est,
960 2571 1052 2616 annus
1073 2551 1186 2616 actanti-

160 2645 225 2703 tatis
247 2649 305 2717 est,
326 2641 376 2701 lux
398 2649 449 2717 est,
471 2659 576 2702 corona
596 2652 760 2704 sanctorum
782 2651 833 2704 cst.
875 2641 1023 2720 Apostoli,
1045 2641 1186 2702 duodecim

160 2738 226 2790 sunt
245 2730 295 2789 filii
315 2730 419 2806 Jacob,
440 2729 469 2788 id
491 2737 535 2790 est
553 2731 670 2806 Christi,
693 2731 844 2790 duodecim
864 2731 958 2791 fontes
980 2730 1097 2808 deserti3
1119 2729 1185 2788 duo·

61 2897 68 2904 .
160 2817 252 2880 decim
272 2817 381 2894 lapides
402 2818 431 2876 in
452 2823 532 2876 veste
547 2817 718 2894 pontificali;
740 2817 892 2878 duodecim
912 2834 1002 2892 panes
1022 2818 1185 2893 proposito·

178 2935 209 3002 t)
225 2934 246 2986 G
264 2935 503 3002 Prophetarum.
523 2963 554 2973 —
574 2933 606 3000 2)
623 2934 655 2984 in
677 2933 726 2984 add
743 2933 775 2986 Β.
795 2959 825 2972 —-
846 2933 878 3001 3)
895 2933 970 2986 blare.
989 2933 1015 2997 3,
1034 2933 1074 2986 ta.
1092 2931 1147 2984 Luc.
1164 2929 1186 3011 β,

229 3004 269 3055 13.
284 3033 315 3045 -
335 3006 367 3072 4)
383 3005 472 3057 lotan.
489 3003 531 3066 ta,
550 3003 590 3054 to.
611 3030 641 3043 -
661 3003 692 3070 5)
710 3003 752 3056 ΑΡ
769 3016 807 3054 ex
824 3009 873 3054 ter
891 3012 1024 3072 quater,
1042 3001 1064 3054 C
1081 3015 1116 3052 ox
1132 3009 1185 3050 trr-

227 3071 285 3123 bus
303 3083 426 3140 quater.
463 3071 551 3125 iionril.
570 3073 587 3124 l.
606 3087 631 3140 p.
651 3071 716 3125 1272
739 3073 784 3144 „ln
801 3073 850 3124 hoc
862 3074 936 3124 etiarn
954 3071 1120 3124 duodenarius
1137 3069 1185 3136 pri·

226 3141 360 3209 vilegiatus
378 3153 425 3208 est,
444 3141 511 3211 qrrod
523 3145 666 3210 septenario
677 3144 847 3195 universitatis
863 3155 978 3206 nurnero,
995 3140 1113 3210 singulari
1126 3153 1185 3207 qua·

226 3209 284 3260 dant
301 3212 423 3264 affinitate
441 3222 467 3264 et
479 3213 581 3280 speciali
600 3212 766 3264 familiaritate
783 3215 931 3263 coniunctus
949 3220 996 3264 cat.
1020 3211 1089 3262 linae
1105 3217 1184 3277 parta

225 3282 360 3345 septenarii
377 3290 435 3340 sunt
453 3285 500 3333 tria
518 3292 544 3334 et
562 3291 677 3349 quatuor,
693 3297 726 3334 ex
743 3282 833 3350 quibua
844 3281 923 3332 altera
941 3297 987 3348 per
1004 3279 1107 3332 alteram
1124 3276 1183 3330 mula

225 3345 345 3415 tiplicata,
363 3354 442 3420 surgit
460 3353 485 3401 in
503 3351 692 3402 duodemrium.
722 3352 789 3403 llaec
806 3351 914 3402 affinitas
932 3352 957 3401 in
975 3353 1092 3414 numeria,
1107 3347 1183 3400 afflui·

224 3427 264 3470 tus
282 3417 371 3470 dicitur
385 3422 579 3486 compositionis.
605 3421 710 3488 Propter
727 3420 792 3471 hanc
810 3419 956 3472 affinitatem
969 3419 1101 3472 duodecim
1118 3418 1182 3487 signa

225 3496 321 3556 septeni
339 3488 445 3554 planetis
463 3487 625 3551 illustrantur,
643 3499 669 3540 et
686 3489 817 3542 duodecim
835 3488 963 3556 Apostolis
981 3497 1080 3557 septem
1089 3483 1181 3542 Diaconi

226 3560 360 3610 sociantur.
396 3557 568 3610 duodenarius
586 3572 648 3626 argo
670 3553 790 3610 nomenoi
812 3567 852 3611 cst
869 3559 893 3610 di
929 3561 997 3611 itatis
1015 3555 1182 3627 spostolicae,

225 3629 381 3696 septenarius
399 3641 517 3680 numerus
534 3629 686 3694 septilormia
704 3629 808 3696 gratiae.
844 3627 891 3693 Qui
927 3628 995 3680 aliud
1017 3638 1077 3680 aunt
1094 3635 1181 3694 sopiant

224 3699 340 3751 lucernae
357 3697 500 3750 candelabri
518 3698 543 3748 in
562 3696 645 3764 lapide
662 3711 728 3760 ano,
754 3706 851 3764 septem
873 3697 954 3761 oculi,
980 3707 1079 3766 mptem
1096 3707 1181 3750 aarum

223 3764 1180 3906 tttntl‘tftlttt„tititttttittttffltttttittt'

354 3866 385 3880 n-
804 3863 808 3876 ³
905 3872 912 3886 .
926 3865 956 3876 -·
1091 3875 1098 3890 ,
1143 3873 1150 3902 ¹
1174 3869 1180 3882 ο
