2608 4252
197 249 238 306 aa
287 225 292 238 '
501 245 728 308 ursunvcuro
751 247 925 308 sursum

196 369 226 426 iu
254 383 339 428 cruce
369 369 502 444 expansis
529 375 605 428 stare
634 371 790 445 conspexit
833 369 886 428 Oui
918 385 984 429 cum
1012 383 1142 446 egressus
1168 385 1229 428 non
1277 417 1278 452 q

196 461 307 530 pateret
318 451 349 535 ¹),
377 455 415 514 ad
447 459 551 516 ostium
582 456 660 531 quod
693 462 753 516 erat
783 459 813 515 in
845 459 976 532 opposito
1010 457 1139 516 cucurrit
1181 455 1229 515 Ita

196 559 336 604 succensa
348 543 440 602 iuerat
451 546 480 602 in
502 560 599 602 amore
621 543 723 618 clerici,
745 549 778 602 ut
797 559 871 619 pene
892 545 1009 602 rationis
1031 559 1138 618 expers,
1158 542 1230 618 quid

197 631 272 690 circa
300 647 331 689 se
360 629 494 689 divinitus
515 637 660 707 ageretur,
693 633 786 689 minus
818 631 987 690 adverteret.
1031 629 1108 706 Quid
1127 628 1230 706 plura?

107 733 125 750 ⁵·
197 714 305 777 Omnes
325 719 426 776 ianuas
449 717 527 791 adiit,
548 724 577 776 et
601 716 765 776 crucifixum
785 719 815 776 in
837 718 969 776 omnibus
988 718 1106 776 invenit
1146 717 1230 776 ‘lunc

196 805 319 880 pnmum
351 803 389 863 ad
424 820 455 862 se
487 819 615 878 reversa,
656 810 685 863 et
716 805 813 864 territa
852 805 935 862 dixit:
973 803 1060 863 Forte
1096 802 1230 864 voluutas

195 891 253 950 Dei
273 907 333 952 non
354 895 411 964 est,
431 896 464 948 ut
484 907 608 965 usquam
629 891 721 950 vadas
729 888 760 970 ²).
803 891 893 950 Solita
913 891 1005 950 iuerat
1026 890 1128 950 eadem
1147 892 1229 968 virgo

195 978 314 1054 singulis
341 975 442 1036 diebus
470 977 623 1061 specialem
644 978 788 1052 quandam
810 981 965 1037 orationem
987 977 1081 1038 dicere
1103 977 1139 1037 de
1158 995 1230 1055 pas-

195 1067 275 1124 sione
295 1064 428 1137 Domini,
455 1079 543 1138 quam
571 1064 713 1123 Dominus
739 1067 769 1123 in
789 1071 869 1124 tanto
889 1064 1017 1140 periculo
1038 1065 1231 1124 remuneravit

195 1153 305 1210 visione
333 1157 394 1210 tam
415 1151 485 1208 utili.
536 1149 616 1226 Quae
639 1158 763 1210 tremens
785 1159 851 1211 aute
871 1154 1025 1228 imaginem
1045 1152 1150 1211 beatae
1169 1151 1229 1210 Dei

196 1236 348 1298 Genitricis
376 1253 408 1296 sc
435 1240 601 1312 prostravit,
634 1237 670 1298 de
696 1245 815 1313 peccato
850 1255 904 1298 suo
930 1241 1045 1298 veniam
1072 1237 1230 1314 postulem.

195 1323 225 1384 A
246 1341 304 1400 qua
318 1341 384 1384 cum
404 1326 499 1402 imago
520 1325 621 1384 faciem
644 1321 824 1405 averteret³)‚
846 1331 875 1384 et
895 1325 943 1384 illa
964 1327 1096 1385 obnixius
1117 1325 1229 1404 suppli·

195 1416 295 1472 esbus
307 1413 423 1487 propius
435 1411 593 1486 accederet,
613 1415 708 1488 imago
724 1411 869 1470 maxillam
891 1414 951 1472 eius
972 1429 1060 1470 manu
1079 1414 1230 1488 percussit

195 1497 308 1558 dictust
348 1497 412 1574 Quo
442 1501 486 1558 vis
506 1501 549 1557 ire
577 1498 678 1558 fatua?
738 1497 821 1558 Vade
854 1501 883 1556 in
916 1499 1112 1558 dormitorium
1138 1505 1229 1557 tuum.

194 1585 268 1644 'lam
288 1585 366 1644 iortis
389 1592 449 1645 erat
469 1585 600 1661 alapha‚·
614 1593 646 1644 ut
667 1587 696 1643 iu
717 1591 820 1644 terram
841 1603 927 1646 ruens
949 1589 990 1646 sic
1010 1588 1230 1661 laceratusque

194 1671 233 1732 ad
254 1679 367 1750 tempus
383 1673 557 1735 matutinale.
601 1671 731 1748 Cumque
749 1675 830 1748 sigua
850 1675 880 1730 in
903 1672 1065 1733 dormitorio
1087 1679 1230 1747 sonarent,

196 1765 225 1820 et
244 1759 295 1820 illa
314 1763 344 1818 in
358 1763 479 1819 oratorio
501 1777 559 1822 uon
573 1759 708 1836 pulsaret,
728 1765 863 1834 putantes
879 1776 943 1818 eam
958 1775 1021 1819 esse
1041 1761 1072 1818 in
1091 1763 1230 1833 oratione,

194 1845 243 1907 vel
263 1863 392 1923 pressam
411 1863 530 1923 sopore,
559 1849 696 1905 intrantes
724 1852 753 1904 et
778 1849 808 1904 in
836 1847 925 1907 multo
947 1846 1061 1906 deiectu
1080 1845 1159 1908 illam
1180 1865 1230 1907 rc·

191 1935 346 2011 ponentes,
366 1941 519 2010 postquam
539 1933 696 1994 refocillata
717 1932 796 2009 loqui
815 1936 916 2009 potuit,
938 1936 1034 1993 omnia
1056 1951 1131 2010 quae
1152 1936 1230 1994 circa

193 2037 226 2081 se
255 2027 338 2098 gesta
364 2025 446 2095 suut,
473 2021 512 2080 ad
540 2020 677 2079 honorem
698 2020 754 2080 Dei
782 2022 980 2080 consororibus
1009 2023 1068 2080 suis
1089 2021 1229 2081 recitavit

195 2106 278 2168 Licet
304 2109 401 2185 gravis
430 2114 505 2167 esset
534 2107 653 2183 alapha,
682 2125 798 2184 prorsus
826 2113 922 2167 muron
950 2109 1149 2168 attentatione
1176 2125 1229 2184 per

194 2194 272 2282 illam
300 2195 354 2254 iuit
386 2193 514 2254 liberata.
563 2194 661 2254 Durus
679 2194 810 2253 'morbus
843 2194 944 2254 duram
972 2196 1089 2270 requirit
1108 2195 1230 2256 medici-

194 2278 305 2362 namtl.
347 2280 548 2342 NOVIGIUS:
577 2281 671 2342 Valde
700 2281 855 2342 accendere
884 2282 970 2342 debet
997 2297 1098 2340 sexum
1118 2283 1231 2342 virilem

194 2371 224 2428 iu
252 2386 379 2429 amorem
387 2364 408 2448 ⁶)
435 2368 736 2444 Dominaemostrae,
765 2369 842 2444 quod
870 2370 899 2426 in
926 2365 1014 2427 milite
1040 2372 1230 2430 tentationem

195 2458 372 2533 compescuit
398 2459 492 2532 ipsum
521 2456 728 2530 deosculando,
757 2458 786 2514 in
812 2453 917 2514 femina
937 2454 1082 2514 maxillam
1103 2458 1165 2516 eius
1186 2458 1230 2518 ie·

194 2543 307 2619 tiendo,
330 2561 395 2602 curu
424 2550 520 2602 tamen
532 2540 553 2623 ⁶)
575 2545 722 2618 utriusque
743 2542 876 2602 voluntas
903 2543 980 2601 mala
1001 2542 1140 2602 meritae
1162 2562 1230 2620 per·

194 2648 288 2692 versa.
329 2628 562 2690 MONACHUS:
591 2630 647 2690 Per
675 2630 731 2690 hoc
761 2629 995 2704 sumostendit,
1027 2629 1106 2704 quod
1128 2647 1230 2690 sexum

193 2725 324 2779 nostrum
343 2734 401 2776 nou
419 2717 578 2792 abhorreat,
598 2719 656 2776 imo
680 2734 771 2793 aeque
792 2723 824 2775 ut
837 2717 990 2775 femineum
1005 2715 1111 2794 diligat.
1131 2717 1230 2796 Magis

194 2808 282 2867 etiam
304 2805 394 2880 decet,
415 2811 448 2862 ut
460 2803 576 2863 domina
588 2803 720 2862 ancillam
733 2811 900 2879 peccantem
915 2806 1042 2880 castiget,
1064 2820 1153 2878 quam
1168 2823 1231 2865 ser·

194 2909 272 2952 vum.
313 2889 515 2952 NOVIOIUS:
537 2890 638 2950 Placet
661 2890 738 2965 quod
761 2890 839 2949 diois.
882 2888 1117 2950 MONAOHUS:
1139 2889 1229 2954 Rele-

193 2975 256 3040 ram
275 2980 328 3039 tibi
348 2979 427 3039 aliud
440 2979 622 3056 benignitatis
644 2980 704 3037 eius
721 2977 864 3053 indicium,
885 2977 981 3038 adhuc
1000 2979 1056 3038 isto
1070 2976 1230 3054 gloriosius

509 3167 741 3230 CAPITULUM
764 3167 914 3228 XXXIV.

490 3289 567 3351 Item
592 3291 627 3350 da
647 3292 785 3350 Beatotce
806 3290 933 3350 custode.

254 3411 293 3472 *In
304 3412 476 3471 monasterio
490 3411 615 3487 quodem
629 3411 895 3486 sanctimonialium,
909 3413 989 3471 cuius
1002 3427 1107 3470 nomen
1119 3393 1230 3488 ignoro,

193 3496 261 3561 ante
281 3515 339 3558 non
360 3497 466 3558 multos
487 3516 579 3559 annos
602 3502 683 3576 virgo
706 3498 849 3576 quaedam
870 3498 994 3575 degebat
1013 3500 1128 3558 nomine
1148 3498 1229 3560 Bea-

212 3687 243 3759 i)
260 3687 281 3741 B
299 3701 453 3755 egressus
471 3693 604 3754 pateret
621 3683 874 3753 minime.-2)B
890 3681 1008 3736 vadam.
1035 3679 1107 3734 (loni.
1125 3683 1168 3750 lv,
1185 3689 1228 3740 56.

264 3787 297 3800 -
314 3757 346 3825 3)
364 3756 449 3809 ΔΒΒΡ
466 3763 667 3808 verteret-
683 3757 716 3825 4)
734 3757 754 3808 B
772 3755 881 3808 durum
899 3779 931 3791 —
949 3748 1227 3808 medicamentum.

263 3859 296 3869 -
314 3827 346 3898 5)
364 3817 537 3884 BG'amore.
557 3856 587 3868 -
607 3827 640 3896 6)
657 3834 761 3879 tamen
779 3823 828 3878 add
845 3823 874 3875 l).
