2506 4254
427 305 482 368 DE
506 307 732 372 MIRAUULIS.

300 481 302 484 ⁵
415 497 645 562 CAPITULUM
670 499 734 562 LV.

137 617 184 678 De
198 619 302 696 miodo
324 625 351 680 ct
372 622 450 680 silice
470 625 503 681 ia
523 626 640 698 menum
661 621 829 682 stabilitatis
850 626 912 683 ciras
933 627 1028 684 senso.
1087 671 1089 674 .

129 736 264 800 Allardrm
284 743 414 802 novicius
435 749 548 819 noster,
572 746 729 821 sicutipse
750 744 819 802 mihi
840 744 950 824 retudit,
978 745 1068 805 habet
1078 743 1096 825 ¹)

74 830 246 888 materteram
281 831 396 889 nomine
424 828 552 905 Juttam,
588 848 662 907 quae
690 838 756 891 ante
786 834 1000 892 conversionem
1030 832 1097 892 lieet

73 927 183 988 corpore
198 915 298 974 drussi
319 921 405 990 easta,
426 917 555 993 gestibus
577 923 673 976 tamen
695 920 778 977 nimis
800 918 1003 978 ostendebatur
1024 919 1096 980 levis

73 1015 104 1057 ao
121 997 237 1062 lasciva
279 1001 349 1062 Etat
373 1005 448 1062 enim
468 1003 581 1064 nubilis.
624 1003 707 1064 Hace
729 1022 795 1065 cum
817 1005 862 1064 die
878 1006 1008 1081 ¹quadam
1030 1023 1096 1065 cum

73 1087 209 1149 sororibus
236 1087 362 1164 luderet,
387 1107 541 1165 germanus
571 1091 630 1166 eius
658 1109 781 1168 magnac
808 1094 956 1169 gravitatis
978 1092 1096 1152 clericus

73 1171 154 1232 affuit.
190 1173 246 1250 Qui
260 1175 359 1236 dolens
381 1174 416 1236 de
438 1179 540 1236 sororis
561 1176 687 1252 levitate,
708 1177 815 1238 silicem
837 1178 1038 1239 solidissimum
1060 1177 1096 1240 de

73 1259 180 1321 flumme
201 1261 275 1337 tulit,
296 1268 326 1322 et
346 1263 399 1321 ait:
421 1263 504 1322 Prius
528 1262 672 1325 scindetur
693 1263 766 1340 lapis
787 1267 840 1324 iste
862 1267 891 1324 in
912 1283 1000 1324 manu
1021 1283 1096 1341 mea,

73 1363 152 1422 quam
180 1365 259 1408 soror
279 1367 345 1408 mea
365 1348 449 1410 Jutta
469 1350 578 1410 stabilis
599 1349 665 1424 fiat,
686 1368 720 1411 ac
742 1351 881 1410 monialis.
923 1351 1095 1412 Deus'vero

72 1438 102 1492 ut
119 1433 277 1495 ostenderet
290 1435 434 1496 bominem
446 1454 504 1498 non
519 1455 581 1496 esse
600 1437 784 1498 iudicandum
805 1437 963 1498 secundum
983 1439 1095 1516 faciem,

73 1537 134 1580 mox
160 1522 267 1582 silicem
295 1525 325 1581 in
351 1541 437 1582 manu
466 1526 527 1584 eius
553 1524 644 1583 scidit.
688 1523 773 1600 Quod
801 1526 851 1584 ubi
878 1525 927 1584 illa
949 1529 1095 1602 comperit,

73 1609 226 1669 tnmverbo
246 1609 347 1684 fratris,
368 1615 429 1668 tum
451 1611 586 1670 miraculo
607 1610 710 1686 lapidis
732 1619 912 1687 compuncta,
933 1615 1038 1687 nuptiis
1059 1629 1095 1673 ac

73 1696 180 1756 saeculo
194 1695 337 1772 valedixit,
358 1701 387 1755 et
400 1699 429 1754 in
446 1696 568 1756 claustro
583 1698 838 1757 sanctimonialium
855 1700 901 1757 cui
924 1699 1095 1758 vocabulum

73 1787 111 1839 est
129 1782 274 1842 Bethbure
282 1779 319 1862 ²),
348 1783 488 1859 religionis
508 1777 639 1842 habitum
661 1787 800 1860 suscepit,
828 1785 949 1844 eundem
970 1784 1095 1859 lapidem

72 1883 157 1944 usque
178 1868 262 1930 hodie
278 1871 308 1926 in
329 1871 521 1929 testimonium
543 1873 680 1929 castitatis
701 1878 788 1947 atquc
811 1873 1002 1930 conversionis
1024 1889 1094 1933 suae

73 1969 221 2016 reservans.
268 1955 352 2015 Haec
387 1957 463 2016 dicta
491 1958 547 2016 sint
568 1957 603 2016 de
626 1956 780 2018 elementis.
821 1959 922 2018 Placet
941 1975 1018 2034 nnnc
1038 1977 1096 2026 au-‚

74 2037 126 2102 dire
147 2041 252 2119 aliquid
272 2043 434 2102 miraculosi
455 2043 490 2103 de
512 2043 555 2103 his
577 2060 652 2120 quae
672 2046 702 2102 iu
722 2045 777 2104 illis
798 2051 963 2120 moventur,
991 2046 1097 2112 avibus,

73 2127 186 2204 scilicet,
218 2130 361 2212 piscibus,
392 2131 561 2190 animalibus
592 2127 655 2210 ac³)
683 2131 852 2207 reptilibus?
890 2130 1093 2192 NOVIOIUS:

72 2210 171 2276 Placet
212 2215 448 2294 MONACHUS:
478 2217 563 2293 Quod
585 2217 711 2277 dicturus
732 2236 812 2292 sum,
839 2217 934 2279 utrum
957 2219 1095 2294 scriptum

72 2299 104 2358 sit
116 2320 229 2377 aunon,
249 2305 366 2380 ignoro;
388 2320 442 2380 ego
465 2307 540 2363 enim
554 2303 629 2364 -.itlud
649 2321 708 2363 uon
730 2303 816 2364 didici
838 2323 873 2366 ex
893 2305 1022 2382 lectione,
1042 2303 1094 2366 sed

73 2401 103 2444 ex
123 2389 268 2450 cuiusdam
290 2389 412 2468 religiosi
431 2387 515 2472 viris)
536 2390 681 2450 relatione.

398 2568 647 2644 'cmruuuum
673 2583 752 2644 uvi.

71 2697 112 2760 De
132 2704 250 2762 coicum
271 2707 380 2794 mediis
400 2708 495 2764 sancti
510 2705 640 2764 ittonae
650 2705 787 2781 Episcopi
809 2722 830 2763 u
850 2705 939 2764 mileo
961 2702 1095 2794 liberata

127 2824 260 2885 Matrona
284 2825 426 2901 quaedam
447 2827 564 2886 beatum
585 2826 727 2886 Thomem
750 2825 983 2886 Cantuariensem
1003 2824 1095 2902 pluri-

10 2969 15 2980 ,
70 2923 141 2970 mum
162 2911 289 2989 diligens,
311 2912 433 2972 assiduis
453 2913 663 2974 infirmitatibus
682 2913 848 2987 laborabat3
874 2918 902 2972 ct
924 2928 992 2974 cum
1011 2911 1094 2971 dolo-

70 2995 140 3059 ribus
167 2995 362 3078 angeretur⁵),
399 2999 521 3059 eundem
549 3007 701 3076 martyrem
731 3000 775 3058 his
802 2999 898 3059 verbis
924 2999 1093 3060 invocabat:

68 3080 164 3146 Sancte
192 3087 284 3162 inquit
315 3086 428 3146 Thema
454 3087 561 3145 adiuva
588 3104 643 3146 me.
685 3086 822 3149 Habebat
850 3081 973 3166 autem⁵)
995 3088 1092 3146 neseio

68 3173 139 3231 cuius
159 3175 271 3250 generis
291 3172 442 3248 aviculam,
463 3190 537 3248 quae
559 3189 595 3232 ex
617 3172 781 3233 assiduitate
802 3171 951 3249 audiendi,
972 3171 1092 3234 eandem

68 3255 189 3318 absolute
210 3261 280 3318 setis
300 3260 425 3335 prolerre
447 3260 583 3319 didicerat
604 3263 770 3320 orationem.
800 3259 857 3318 Die
879 3261 1004 3336 quadam
1025 3259 1092 3318 mil-

68 3357 114 3403 vus
141 3350 222 3406 extra
250 3345 451 3406 domunculam
480 3363 544 3406 cam
565 3345 681 3422 videns,
705 3347 807 3422 rapuit,
829 3351 858 3406 et
878 3347 1014 3407 avolavit.
1056 3345 1091 3404 In

67 3427 121 3503 lpse
147 3440 232 3509 raptu
260 3432 329 3494 dum
350 3435 494 3510 unguibus
515 3434 589 3492 illius
610 3435 672 3492 avis
693 3439 883 3510 premeretur,
912 3435 1020 3494 cunctis
1042 3434 1095 3507 qui

69 3516 179 3580 aderaut
199 3517 381 3580 audientibus
404 3520 538 3581 clamavit
561 3521 596 3579 de
617 3537 698 3580 aere:
727 3520 832 3580 Sancte
853 3521 967 3580 Thema
987 3518 1094 3578 adiuva

68 3617 114 3664 mc.
154 3605 194 3666 Ut
223 3613 320 3667 autem
349 3608 484 3668 mirabilis
511 3607 593 3666 Deus
620 3608 752 3684 martyris
780 3609 824 3666 sui
848 3609 949 3667 merita
969 3606 1094 3682 pretiosa

68 3687 278 3768 demonstraret,
306 3693 394 3755 milvo
415 3700 452 3780 ut,
475 3693 618 3755 aviculam
640 3694 793 3754 dimitteret
812 3695 967 3770 praecepit.
1010 3690 1093 3765 Quae

82 3806 109 3874 1)
124 3807 144 3860 Β
161 3808 283 3862 babuit.
297 3838 328 3850 -
347 3810 380 3880 2)
396 3809 514 3874 Bcdbur,
529 3812 598 3863 iuxta
619 3809 762 3876 oppidulum
781 3808 878 3861 Caleni.
893 3838 924 3848 -
941 3807 973 3874 3)
990 3804 1033 3858 EF
1051 3813 1092 3857 et.

127 3907 155 3918 —
169 3879 200 3946 i)
214 3879 255 3932 ΕΡ
272 3880 333 3932 viri
351 3895 385 3932 re
401 3880 525 3949 ligioni.
540 3909 570 3920 -
583 3881 616 3947 5)
627 3877 672 3932 ΑΡ
689 3886 853 3949 ageretur.
873 3905 904 3918 -
920 3877 952 3944 6)
965 3874 986 3928 C
1001 3875 1091 3926 enim.
