2506 4254
319 284 375 347 nu
397 269 580 352 cosroen
595 271 769 348 emersu
1009 273 1076 348 i‘oi

361 481 600 556 ῸΆΡΠΠΒΠΜ
621 492 756 554 XXXV.

75 615 121 676 Dc
139 603 256 698 feruida
277 614 414 694 relicturo
434 603 622 702 Brabontioe
643 635 736 704 quam
758 602 889 676 Ohmstao
903 617 1036 692 ,propriis

367 703 503 764 mahom
519 707 758 764 'communicavit

105 823 242 902 Ndndrim
255 841 313 901 duo
334 843 487 902 annisunt
507 841 598 917 clapsi
613 841 697 918 *quod
719 829 1079 917 quaedamseo‘g'rosahs

48 931 121 988 mina
141 931 179 988 *in
205 929 364 988 Brahantia
391 927 457 989 Uda
483 931 613 1003 nomine,
642 928 678 988 de
699 929 769 988 villa
790 933 865 1004 quae
886 923 1084 1007 'l'horinhus‘i

50 1010 162 1092 dicitur,
181 1016 313 1076 ardenter
326 1018 416 1074 'nimis
437 1017 646 1076 communicare
668 1015 846 1091 desiderans,
867 1015 988 1094 matiam
1008 1024 1080 1074 carr-

50 1103 111 1162 dem
126 1105 181 1163 sibi
196 1121 214 1164 a
227 1102 375 1164 sacerdote
389 1119 442 1162 suo
457 1103 593 1178 impartiri
610 1102 753 1162 humiliter
774 1105 842 1162 satis
851 1099 872 1183 ²)
894 1109 924 1161 et
943 1104 1081 1160 instanter

47 1190 208 1267 poahrlarit
250 1189 281 1253 A
310 1207 366 1266 quo
395 1191 539 1266 repulsam
559 1200 667 1266 passa,
695 1187 807 1250 dicente
827 1189 875 1248 illo
896 1205 955 1247 non
976 1188 1080 1248 dehere

51 1279 165 1338 feminas
181 1277 271 1337 iaicas
285 1294 336 1353 pro
355 1276 438 1337 libitu
459 1294 511 1336 suo
534 1278 752 1352 communicare,
772 1276 823 1336 sed
845 1281 922 1336 certo
937 1281 1081 1350 temporo,

52 1364 127 1424 flevit
142 1371 171 1424 ct
182 1367 327 1441 ingemuit.
372 1364 459 1424 Cuius
472 1364 603 1423 ardorem
618 1382 747 1424 summus
768 1363 902 1423 sacerdos
922 1362 1082 1437 attendens,

52 1467 108 1509 non
134 1450 181 1509 diu
210 1467 274 1511 cam
301 1467 403 1528 passus
422 1457 476 1512 ‘est
502 1451 627 1512 fraudari
645 1467 672 1512 a
705 1451 844 1511 desiderio
867 1466 928 1509 suo.
970 1448 1082 1509 Eadem

55 1539 126 1596 cuim
143 1543 228 1597 nocte
250 1554 316 1597 cum
335 1541 365 1596 in
387 1545 476 1597 stratu
498 1555 549 1597 suo
571 1541 668 1598 iacens
690 1537 833 1615 vigilaret,
856 1542 885 1597 et
906 1537 1082 1596 orationibus

55 1632 172 1698 vocaret,
188 1623 324 1684 Salvator
339 1641 404 1684 cum
421 1625 510 1683 multo
532 1624 682 1700 splendore
705 1624 867 1685 cubiculum
889 1625 949 1682 eius
969 1625 1082 1699 ingrcs-

56 1727 118 1784 sus,
147 1711 272 1786 pixidem
299 1714 329 1769 in
359 1727 417 1787 qua
445 1728 547 1787 eorpus
569 1714 629 1772 eius
650 1715 680 1770 in
702 1711 822 1771 ecclesia
844 1709 955 1770 solebat
975 1705 1082 1789 ponto),

52 1799 167 1873 propriis
188 1798 319 1858 manibus
331 1799 474 1874 portabat.
514 1799 586 1858 Erat
605 1795 749 1877 quoquot)
773 1799 848 1860 circa
869 1813 936 1856 eum
956 1796 1082 1873 flagran-

57 1886 173 1944 ricmiri
192 1883 303 1958 odoris,
332 1892 361 1946 et
374 1884 533 1945 multitudo
555 1886 722 1962 angelorum
742 1888 772 1944 in
793 1886 913 1946 circuitu
935 1884 1017 1960 eius,
1032 1884 1084 1959 qui

58 1971 226 2038 concorditer
269 1973 423 2032 cantabant
456 1973 657 2048 autiphonam,
693 1973 850 2048 'Speciosos
870 1971 984 2048 formo
1006 1987 1085 2048 proc

59 2057 125 2134 [titis
150 2059 315 2132 omninum,
348 2066 378 2119 et
406 2066 509 2120 cetera
559 2060 689 2136 Cumque
717 2059 765 2119 illa
793 2061 880 2120 hocta
907 2058 946 2118 ad
967 2063 1084 2118 ¹tantem

60 2143 169 2220 gloriam
189 2152 316 2221 stuperet
325 2141 354 2226 ⁵),
375 2153 455 2206 stans
476 2161 573 2231 copam
593 2164 630 2206 oa
650 2147 793 2207 Dominus
814 2148 868 2205 cit:
892 2145 966 2222 Quia
986 2155 1085 2206 sacor-
1112 2169 1117 2182 ⁴

61 2229 164 2292 dortho
178 2248 281 2308 corpus
297 2251 393 2294 meum
414 2236 465 2294 tibi
485 2235 610 2311 negavit,
631 2253 686 2312 ogo
707 2236 778 2294 meis
799 2234 931 2293 manibus
951 2238 981 2292 te
1003 2245 1085 2292 eorub

61 2319 211 2379 munieaho.
254 2319 339 2395 Quod
368 2326 397 2380 et
423 2321 503 2395 iecit,
537 2321 663 2381 hostiam
689 2339 778 2381 unam
800 2320 836 2380 dc
856 2319 951 2396 pixide
972 2318 1085 2378 tollens.

61 2401 156 2481 Sitque
175 2408 300 2466 recessit.
343 2407 413 2468 Erat
433 2415 530 2468 autern
551 2408 607 2468 alia
629 2409 734 2470 femina
754 2407 887 2484 religiosa
909 2409 970 2466 cius
990 2407 1086 2481 socia,

62 2491 88 2548 in
113 2491 207 2553 eodem
233 2493 364 2554 cubiculo
386 2498 482 2556 iacens
504 2501 533 2554 et
553 2497 615 2572 ipsa
636 2495 770 2572 vigilans,
799 2511 873 2570 quae
895 2495 991 2554 omnia
1011 2507 1086 2570 quae

63 2575 213 2640 dictasunt
233 2581 313 2640 vidit
357 2581 530 2657 Quod'oum
550 2584 693 2659 ignoraret
713 2583 819 2656 ultera,
846 2583 1001 2640 aestimans
1022 2593 1087 2640 eam

63 2679 156 2740 sopore
174 2665 290 2748 fuisses)
313 2667 493 2744 demessam,
514 2686 598 2730 mane
619 2672 763 2730 sciscitata
784 2675 828 2730 ost
849 2669 887 2728 ab
901 2685 953 2742 ea,
974 2673 1086 2726 unum-

64 2765 123 2810 nam
136 2753 239 2830 ahquid
260 2753 394 2815 vidisset·
432 2753 513 2832 Quae
534 2756 693 2832 respondit:
715 2757 819 2816 Etiam.
860 2753 942 2814 Haec
965 2753 1087 2813 ethaeo

65 2834 96 2896 de
121 2845 147 2898 te
174 2841 240 2900 vidi.
283 2841 365 2902 Tunc
388 2846 494 2904 certior
516 2842 552 2902 dc
567 2845 682 2904 ‘cisione
704 2844 819 2917 effecta,
838 2857 915 2900 ⁴mm
937 2839 1087 2900 ecdosiam

65 2922 182 3002 intravit,
200 2925 290 2988 alme
311 2929 395 3005 adiit,
416 2929 594 2993 sacerdotem
614 2948 666 3006 per
687 2927 827 3006 quosdam
843 2928 1001 2988 cerhmum
1021 2940 1088 2986 am·

62 3007 144 3087 *bages
154 3015 221 3089 quid
236 3015 272 3078 de
288 3033 405 3092 corpore
419 3017 534 3076 Domini
548 3017 702 3078 facereret
715 3014 847 3076 chivillud
858 3027 995 3090 reponare
1007 3012 1088 3074 solc-

67 3095 129 3178 tct')
141 3101 332 3179 interrogavit.
354 3102 407 3162 Cui
422 3119 489 3164 cum
501 3105 596 3164 locum
611 3103 790 3177 ostendisset,
802 3102 936 3161 subiecit:
949 3099 1089 3162 Osimihi

61 3197 167 3262 ¹temper
193 3188 240 3248 hic
264 3189 362 3250 iiceret
382 3193 504 3265 versari,
533 3198 563 3252 ot
583 3193 723 3266 respicere
738 3189 782 3248 sd
802 3189 899 3248 locum
920 3187 997 3249 hunc
1010 3197 1088 3248 sehr·

67 3275 143 3330 cmm.
183 3276 387 3336 Pctivitotiam
408 3278 463 3337 sibi
483 3277 596 3339 thecam
617 3278 757 3340 reserari,
787 3275 874 3352 Quod
895 3293 960 3336 cunr
980 3275 1088 3336 uotmn

66 3351 167 3434 inuret,
194 3363 235 3422 ait
269 3363 425 3424 sacerdoti:
461 3363 560 3426 Nostis
589 3364 703 3426 domine
732 3371 802 3439 quot
833 3363 879 3424 hic
907 3362 1089 3440 reposueritis
1121 3385 1124 3392 ·

67 3447 228 3514 viriculas?
272 3450 320 3510 Sic
357 3453 432 3510 enim
465 3451 575 3512 hostias
603 3469 707 3512 vocare
734 3452 837 3512 solent
884 3448 1088 3528 Respondente

67 3533 211 3610 sacerdote,
231 3539 317 3596 etiam
332 3540 453 3614 cptimc;
475 3540 621 3598 subiunxit
641 3539 755 3601 mulien
776 3538 860 3618 Rogo
882 3544 915 3598 ut
934 3534 1088 3596 numeretis

84 3713 367 3788 homousiam
384 3722 414 3776 'O
439 3723 635 3777 Torsmhnis.
655 3753 685 3766 -
702 3725 737 3793 θ)
755 3726 837 3776 satio
860 3722 910 3776 cdd
932 3720 985 3794 BG.
1002 3739 1036 3758 ¹-
1055 3717 1089 3786 3)

128 3785 169 3840 BC
185 3792 316 3844 recondi
338 3793 476 3847 solebat.
500 3823 530 3836 -
554 3796 587 3860 t)
604 3795 650 3848 BG
672 3803 818 3864 eratque.
838 3823 869 3834 —-
892 3792 925 3860 5]
943 3789 963 3842 Ι)
979 3792 1089 3840 exstu-

129 3871 324 3924 posceret·
336 3865 368 3934 6)
386 3863 486 3916 fuisse
504 3875 545 3918 orn
562 3863 754 3932 Λῦ.-7)-Βο
772 3864 903 3915 coloret
919 3872 1087 3925 reponere.
