2524 4252
180 275 243 334 286
460 272 688 335 DISTINCTIO
712 273 924 337 UNDEOIMA

180 401 210 454 et
231 396 309 454 venit
321 394 359 453 ad
376 395 555 454 sacerdotem
576 413 659 455 suum
682 397 778 458 dicens
812 399 982 458 daemonem
1003 400 1102 458 exisse.
1135 397 1194 457 Post

73 543 76 552 ,
177 481 328 557 paululum
349 498 417 540 vero
439 483 550 542 rediens
573 482 712 559 diabolus,
732 487 847 562 gravius
868 501 973 544 vexare
987 487 1117 545 miseram
1136 501 1194 544 coe·

178 570 229 644 pit.
271 566 407 627 Adducta
423 574 468 628 est
488 571 574 646 igitur
595 569 633 629 ad
654 571 839 647 sacerdotem,
861 574 911 647 qui
932 574 1017 647 quasi
1038 573 1193 632 condonan-

121 685 125 690 ·
179 654 216 715 do
239 671 305 714 cum
327 655 451 730 diabolo,
473 658 566 732 eoepit
588 673 654 716 enm
675 660 849 734 interrogare
871 664 900 718 et
921 658 1031 718 dicere:
1059 658 1142 718 Miser
1167 665 1192 716 tu

179 739 310 828 exieras?
341 742 387 800 Ita
409 748 460 816 est,
480 745 580 818 inquit.
611 743 649 802 Et
662 745 720 820 ubi,
742 747 790 820 ait,
814 745 891 804 fuisti
910 743 1029 805 infelix?
1072 745 1190 820 Respon-

178 829 234 904 dit,
260 828 482 889 Hemmenrode.
523 829 562 888 Et
584 830 668 905 quid,
694 833 801 907 inquit,
827 833 868 891 ibi
888 831 1002 892 iecisti?
1056 830 1102 891 Ad
1127 829 1192 907 qnod

178 915 324 976 diabolus:
345 916 478 976 Konioho
499 917 539 976 ibi
560 919 673 977 iacebat
694 936 779 994 super
792 925 920 992 mattam,
935 925 963 978 et
985 918 1107 977 debebat
1125 919 1193 976 mori

177 1001 225 1062 Ad
248 1005 328 1062 cuius
350 1005 500 1062 transitum
520 1004 686 1064 festinantes
700 1022 774 1081 pene
789 1005 950 1080 quindecim
965 1003 1053 1064 millia
1067 1006 1192 1078 sociorum

176 1107 321 1164 meorum,
351 1107 416 1148 curn
438 1091 562 1149 maximo
583 1092 706 1166 tripudio
728 1092 773 1151 hic
806 1093 974 1152 transibant.
1022 1093 1061 1151 Et
1087 1090 1192 1150 videbar

176 1177 245 1236 mibi
266 1193 412 1251 nunquam
433 1177 569 1252 gaudium
590 1177 706 1252 aliquod
726 1178 890 1253 habituruS,
918 1181 972 1238 nisi
997 1179 1111 1238 ivissem
1137 1194 1192 1236 cunr
1238 1241 1239 1244 Ἴ

177 1267 227 1323 eis.
279 1262 379 1322 Sciens
402 1271 499 1321 autem
536 1279 588 1322 vas
618 1265 695 1323 istud
724 1265 794 1323 mihi
822 1265 972 1340 traditum,
1006 1282 1052 1325 mc
1078 1266 1191 1324 amittere
1238 1255 1239 1342 l

176 1367 232 1409 non
255 1366 349 1426 posse,
371 1348 471 1424 reliqui
491 1349 561 1408 illud
583 1350 621 1409 ad
641 1350 814 1428 tempus,'et
830 1354 869 1410 ivi
891 1370 956 1412 curn
979 1353 1028 1411 eis.
1070 1350 1190 1426 Dixitque
1238 1343 1239 1406 l

176 1435 328 1496 sacerdos:
351 1435 427 1512 Quid
448 1443 544 1494 actum
567 1443 610 1496 est
636 1437 697 1497 ibi?
747 1437 906 1514 Respondit
922 1438 1067 1498 diabolus:
1095 1437 1191 1514 Super·
1238 1415 1239 1454 ¹

176 1529 314 1582 venerunt
333 1522 477 1582 maledicti
505 1526 644 1583 tonsurati
663 1525 712 1599 illi,
733 1531 763 1583 et
777 1528 993 1585 circumstantes
1015 1524 1140 1600 cadaver,
1156 1526 1191 1582 ita

173 1601 269 1669 valide
290 1611 427 1686 populare
438 1605 455 1689 ¹)
479 1617 641 1686 coeperunt,
663 1611 741 1688 quod
753 1611 848 1671 nullus
868 1619 997 1671 nostrum
1017 1614 1128 1688 propius
1147 1627 1190 1669 ac·

174 1697 277 1758 cedere
308 1714 397 1756 ausus
424 1697 485 1754 luit.
532 1689 614 1756 Dixit
637 1699 740 1758 iterum
769 1699 918 1758 sacerdos:
947 1699 986 1756 Et
1013 1700 1063 1758 ubi
1091 1696 1190 1756 devenit

173 1783 288 1844 anima?
330 1782 491 1860 Respondit
512 1781 654 1844 diabolusr
676 1785 724 1844 Ad
746 1785 834 1861 pedes
855 1785 1003 1844 Altissimi.
1051 1785 1088 1843 Et
1106 1783 1189 1844 videte
1238 1800 1239 1846 i

173 1871 243 1930 boni
262 1870 400 1944 homines,
422 1877 529 1946 quanta
549 1873 633 1931 nobis
653 1873 754 1931 iniuria
771 1875 808 1932 sit
827 1872 915 1931 illata.
958 1872 1053 1932 Homo
1074 1874 1123 1930 iste
1141 1885 1187 1928 no·

173 1958 218 2017 bis
240 1959 376 2016 servierat
397 1957 461 2032 plus
484 1975 571 2032 quam
592 1957 781 2036 quadraginta
802 1961 892 2033 annis,
913 1959 951 2018 ad
966 1976 1079 2017 omnem
1097 1956 1187 2016 volun-

172 2049 261 2104 tatem
282 2050 411 2103 nostram
431 2050 515 2103 nocte
537 2061 571 2104 ac
584 2043 629 2104 die
649 2048 843 2120 paratissimus
850 2067 862 2121 ,·
883 2053 912 2104 et
932 2045 1019 2106 modo
1040 2046 1124 2104 tribus
1142 2060 1188 2102 an·
1238 2079 1239 2082 =

173 2132 216 2190 nis
238 2136 349 2190 tantum
371 2130 452 2190 alteri
473 2124 590 2191 servivit
611 2132 742 2207 domino,
769 2141 798 2192 et
818 2133 865 2192 ille
886 2133 969 2192 nobis
992 2131 1106 2192 abstulit
1125 2146 1187 2188 eum
1238 2125 1239 2186 l

175 2217 248 2276 Cum
268 2219 354 2294 igitur
373 2218 457 2278 nobis
483 2220 579 2277 anima
600 2215 771 2294 auferretur,
792 2219 885 2279 surore
908 2221 1058 2294 commoti,
1078 2221 1104 2276 in
1124 2216 1187 2275 invi·
1238 2189 1239 2240 ¹

174 2321 237 2364 cem
250 2311 311 2364 tota
326 2304 533 2364 debachatione
545 2309 666 2382 grassati
678 2324 785 2366 sumus.
817 2307 855 2364 Et
871 2323 924 2382 ego
939 2305 1025 2364 modo
1040 2323 1096 2364 non
1107 2303 1187 2362 babeo

174 2391 224 2450 ubi
245 2409 291 2450 me
313 2391 463 2465 vindicem,
484 2393 646 2452 nisiinhoc
667 2393 785 2452 vasculo
808 2392 885 2468 quod
907 2393 976 2451 mihi
998 2392 1126 2452 traditum
1145 2393 1188 2447 cst

174 2478 337 2538 Transactis
358 2484 455 2539 autem
475 2481 575 2554 paucis
589 2480 689 2556 diebus
709 2488 862 2557 postquam
883 2497 928 2538 res
948 2481 1102 2555 praemissa
1121 2493 1188 2536 oom-

174 2571 256 2640 perta
277 2571 321 2624 est
340 2567 369 2623 in
384 2564 530 2639 claustro,
557 2565 706 2626 Hernicus
725 2566 841 2642 quidam
862 2565 1020 2625 monachus
1041 2583 1090 2642 per
1108 2565 1189 2640 parles

173 2651 237 2710 illas
265 2643 428 2711 transitum⁸
443 2652 578 2712 habebat.
633 2643 689 2729 Qui
718 2656 810 2713 sciens
828 2655 895 2729 qnia
925 2651 1055 2712 diabolus
1083 2647 1188 2710 mendax

175 2746 219 2799 est
241 2739 270 2796 et
289 2744 372 2815 pater
402 2739 558 2814 mendacii,
591 2743 710 2816 experiri
740 2739 832 2799 voluit
862 2740 948 2798 huius
979 2741 1020 2799 rei
1051 2741 1188 2798 veritatem.
1238 2751 1239 2806 1

174 2827 327 2886 Divertens
348 2828 434 2902 igitur
455 2827 492 2886 ad
509 2827 656 2886 obsessam
670 2826 825 2901 mulierem,
845 2829 1032 2905 intersignum
1053 2842 1107 2902 quo
1127 2819 1189 2882 credi
1238 2819 1239 2852 ³

80 2930 86 2942 ⁴
175 2919 272 2989 posset
294 2915 434 2989 quaesivit
456 2932 474 2972 a
496 2913 645 2976 daemone.
700 2911 741 2974 At
772 2913 820 2972 ille
841 2915 931 2989 primo
954 2913 1046 2973 noluit
1066 2909 1188 2978 confiteri;

176 2999 267 3060 seda
289 3001 429 3060 monacho
450 3002 616 3060 iuramentis
639 3003 820 3074 constrictus,
842 2999 926 3074 dixit,
956 3003 1024 3075 quia
1044 2995 1189 3060 Abbatrin
1238 2969 1239 3037 l

176 3095 242 3145 tuus
264 3105 380 3146 manum
392 3088 677 3146 morientisinmanu
687 3105 740 3147 sua
750 3089 848 3146 tenuit.
892 3085 946 3144 Cui
954 3085 974 3167 ²)
997 3090 1039 3148 rei
1051 3081 1190 3146 monachus
1238 3059 1239 3098 ¹

176 3171 223 3231 ille
247 3177 385 3247 conscius,
406 3174 468 3233 aliis
491 3177 551 3233 eius
566 3174 662 3234 verbis
675 3174 752 3234 credi
768 3191 853 3250 posse
875 3177 1026 3233 consensit.
1067 3172 1191 3232 Henrious
1238 3151 1239 3222 l

176 3274 245 3318 vero
268 3256 303 3318 de
314 3259 466 3336 Ysenburg
474 3257 495 3341 ³)
518 3260 636 3320 audiens
658 3279 724 3320 eum
744 3259 870 3336 praefixo
892 3260 938 3320 die
950 3261 1119 3334 defunctum,
1136 3252 1192 3334 pelli
1238 3267 1239 3340 i

176 3355 247 3405 suae
268 3345 352 3404 valde
373 3338 524 3424 pertimuit,
546 3354 575 3408 et
597 3366 662 3407 cum
674 3348 765 3407 multa
785 3346 965 3408 festinatione
987 3347 1025 3407 ad
1048 3347 1193 3407 claustrum
1238 3343 1239 3420 ζ

176 3433 303 3508 veniens,
325 3432 497 3492 dextrarium
518 3436 640 3510 superbe
661 3431 839 3514 retentum),
860 3434 944 3493 nudis
965 3434 1194 3510 pedibus,manr1
1238 3427 1239 3516 ζ

176 3521 290 3597 propria
318 3519 502 3579 ad·deluncti
523 3521 704 3598 sepulchrum
725 3521 859 3595 adduxit,
890 3523 1093 3595 poenitentiam
1118 3529 1194 3594 agens
1238 3517 1239 3582 ζ

176 3607 253 3684 apud
274 3607 362 3666 illum.
405 3607 488 3666 Haec
509 3609 578 3667 mihi
599 3608 634 3668 de
657 3610 736 3668 obitu
760 3608 966 3667 monachorum
989 3605 1194 3668 claustrensium
1238 3599 1239 3630 ¹

177 3700 325 3770 comperta
338 3700 412 3754 sunt.
444 3694 645 3754 NOVIGIUS:
667 3694 699 3754 Si
711 3694 865 3754 daemones
888 3694 985 3753 electis
1007 3697 1037 3752 in
1057 3699 1141 3778 morte
1160 3689 1194 3746 sic

196 3809 226 3878 1)
244 3809 269 3862 id
287 3819 339 3874 est,
356 3809 511 3878 parabolare.
533 3841 568 3880 ,—
588 3812 620 3879 2)
636 3809 658 3863 F
676 3813 778 3862 ouius.
800 3840 829 3849 -
849 3811 881 3878 3)
899 3809 920 3862 A
939 3808 1106 3876 isinberg.
1124 3835 1151 3846 -
1167 3801 1193 3867 ⁴)

245 3878 267 3932 Β
292 3880 467 3934 detentum.
