2506 4254
419 323 474 383 DE
496 319 723 384 MIRAOULIS.
1025 324 1085 383 251

72 463 138 520 rum,
157 429 192 506 et‘
211 449 303 505 totam
331 443 436 504 ibidem
463 451 579 522 gentem
606 462 694 504 unam
723 440 841 519 delevit,
869 441 904 502 de
927 459 984 518 qua
1004 444 1088 503 nobis

71 549 119 592 nou
131 537 246 607 constat,
269 547 343 607 quae
357 533 402 606 sit,
422 532 498 592 unde
514 533 617 607 veniat,
638 530 686 590 vel
703 546 760 606 qno
773 529 889 589 tendat.
931 529 978 589 De
998 533 1089 606 pesti·

71 617 150 680 lentiis
177 625 205 678 et
224 619 301 679 tame
322 617 443 694 legimus
465 620 548 694 satis,
570 635 628 677 non
649 620 678 676 in
699 616 793 692 libris,
822 616 873 676 sed
900 617 928 674 in
949 619 1089 693 pressuds

70 708 168 766 nostris.
208 705 280 765 Post
299 711 420 766 mortem
440 705 579 782 praedicti
598 705 716 766 Henriei
736 704 920 779 ImperatorIs
940 709 1022 763 tanta
1042 705 1088 763 sa-

71 809 122 852 mes
141 798 207 867 erat,
227 798 260 851 ut
280 792 424 851 maldrum
445 793 562 870 siliginis
582 795 612 850 in
632 790 804 852 Alamannia
824 807 922 850 marca
935 790 1089 850 Colonien-

70 881 133 938 sium
143 875 168 959 ¹),
188 884 217 938 et
236 882 266 938 in
280 878 451 956 quibusdam
465 881 618 955 provinciis
639 878 738 938 dacem
761 883 790 937 et
810 885 875 938 octo
897 877 995 936 solidis
1016 895 1089 938 ven·
1128 945 1136 962 Ι

70 964 177 1042 deretur,
199 973 227 1026 et
248 983 284 1027 ex
298 966 491 1043 magnitudine
512 961 594 1027 tamis
615 965 739 1042 populus
760 963 973 1024 innumerabilis
995 967 1089 1024 extin-

69 1059 197 1129 gueretur.
238 1053 285 1112 De
313 1054 530 1114 terraemotibus
558 1069 611 1130 per
636 1052 716 1128 loca,
744 1069 821 1113 nova
848 1057 877 1112 et
903 1069 1010 1128 magna
1037 1053 1088 1111 tibi

69 1137 176 1200 referam
194 1139 340 1202 miracula.

379 1329 609 1392 CAPITULUM
621 1329 762 1391 XLVIII.

361 1453 409 1512 Dc
430 1458 610 1512 toraemotu
630 1455 663 1510 in
686 1450 783 1529 Oe'pro.

123 1571 156 1632 In
175 1589 249 1632 anno
262 1575 412 1648 praesenti,
431 1575 480 1648 qui
502 1579 546 1633 est
567 1573 732 1633 millesimus
753 1571 963 1633 ducentesimus
984 1577 1089 1634 vicesi-

69 1673 123 1718 mus
142 1660 282 1720 secundus
305 1660 342 1719 ab
363 1661 556 1720 incamatioue
578 1659 707 1737 DominI,
740 1661 815 1718 sicut
835 1667 951 1720 narrant
972 1661 1089 1735 quidam

69 1743 100 1804 de
112 1745 212 1806 eisdem
226 1747 356 1824 partibus
375 1749 530 1822 venientes,
552 1745 626 1806 dnae
642 1748 771 1806 civitates
790 1748 818 1804 tn
834 1745 918 1822 Cipro
941 1765 959 1806 a
980 1754 1088 1808 terrae·

69 1837 137 1892 motu
166 1838 338 1893 corruerunt
386 1832 421 1892 In
450 1851 509 1892 una
536 1850 606 1893 vero
633 1833 746 1892 illamam
775 1832 843 1891 dum
871 1833 1031 1910 Episcopus
1060 1837 1088 1892 in

68 1916 140 1977 altori
153 1925 247 1994 staret,
268 1921 441 1995 missamque
463 1919 627 1996 celebraret,
649 1920 770 1980 ecelesia
790 1920 957 1982 tremefacta
979 1921 1092 1998 cecidit,

69 2011 166 2066 diam
185 2008 280 2084 ipsum
302 2023 389 2083 quam
409 2006 550 2083 reliquum
570 2008 709 2084 populum
731 2010 858 2067 extinxit.

387 2196 619 2259 CAPITULUM
643 2198 758 2258 XLIX.

356 2321 404 2380 Dc
426 2327 606 2380 tenoemteo
629 2325 661 2380 in
681 2322 788 2381 Brossco.

126 2441 158 2502 In
178 2441 315 2503 Adventu
326 2440 443 2502 Domini
463 2442 599 2502 baeretici
620 2441 849 2504 Mediolanenses
870 2441 1019 2504 haereticis
1041 2448 1089 2519 qui

72 2535 142 2588 utut
166 2531 195 2588 in
221 2529 308 2588 Brixa
316 2526 353 2609 ²),
385 2527 475 2588 multa
495 2528 623 2606 plaustra
645 2547 710 2589 oum
731 2529 902 2588 victualibus
922 2533 1089 2590 transmise-

70 2611 136 2674 'runt
174 2615 282 2692 Inipsa
303 2632 372 2676 vero
395 2615 440 2674 dic
455 2615 619 2674 Natiuitatis
640 2614 757 2676 Domini
778 2611 875 2694 dum³)
896 2619 1091 2692 convivarent,

70 2697 199 2762 DomInus
219 2709 325 2761 terram
346 2704 496 2778 concussit,
520 2708 549 2762 et
571 2701 738 2780 cadentibus
759 2701 895 2762 aedificiis
916 2702 981 2778 plus
1002 2721 1088 2778 quam

72 2783 208 2848 duodecIm
221 2788 310 2850 millia
330 2788 477 2848 homiuum
499 2789 625 2848 extinxit.
667 2787 725 2848 Alii
745 2789 883 2865 fugientes
905 2791 933 2846 in
956 2807 1089 2864 campum

72 2888 129 2934 oum
142 2876 269 2936 audirent
287 2875 425 2935 clamores
444 2878 632 2950 morientium,
653 2892 711 2934 non
731 2875 845 2934 inerunt
865 2877 927 2933 ausi
948 2875 1039 2934 redire
1060 2879 1088 2934 in

73 2961 203 3022 dvitetem
215 2962 252 3022 ad
266 2961 379 3021 illorum
394 2979 567 3022 succursum.
609 2961 838 3022 Mediolanenses
854 2977 922 3021 vero
945 2964 1089 3021 civitatem

72 3061 144 3106 suam
164 3047 340 3123 descrentes,
368 3047 433 3124 plus
456 3067 542 3124 quam
563 3065 615 3124 per
636 3054 701 3108 octo
725 3047 785 3107 dies
806 3050 835 3105 in
857 3050 983 3107 tentoriis
1004 3048 1090 3108 babi-

72 3133 167 3211 tabant,
187 3138 287 3196 timore
307 3134 434 3194 eiusdem
452 3141 647 3195 terraemotus.
686 3135 721 3193 In
735 3135 885 3210 Pergamo,
905 3136 934 3192 in
953 3132 1091 3216 Gumist),

72 3217 244 3298 iuVenetia,
261 3223 295 3280 in
318 3221 417 3298 Cipro,
438 3224 468 3280 in
488 3221 605 3298 Papho,
638 3227 667 3282 et
686 3223 715 3279 in
736 3220 799 3280 aliis
820 3220 916 3280 multis
937 3224 1091 3297 provinciis
1202 3290 1205 3298 Ι

72 3311 146 3381 atque
172 3309 332 3369 civitatibus
365 3307 466 3368 eodem
499 3314 627 3384 tempora
662 3307 767 3367 multos
794 3314 954 3367 terraemnt
981 3315 1090 3369 terrae-

72 3400 163 3454 motus.
202 3395 263 3455 Nec
284 3397 396 3454 mirum.
438 3395 496 3454 Tot
515 3401 623 3468 turres,
644 3399 687 3453 tot
708 3393 838 3455 aedilicia
859 3402 1037 3469 cornsemnt,
1057 3389 1090 3452 u't

71 3477 132 3538 nibil
143 3480 225 3558 aliud,
246 3483 300 3540 nisi
314 3480 377 3540 finis
391 3481 489 3540 mundi
508 3483 614 3541 instare
633 3481 786 3541 videretur.
829 3480 915 3558 Quod
935 3500 953 3542 a
974 3480 1089 3542 saeculo

61 3570 108 3622 'est
126 3567 296 3642 inauditum,
320 3570 393 3628 sicut
412 3569 441 3626 in
464 3570 556 3644 capite
576 3569 673 3627 ieiunii
693 3570 830 3650 magister
852 3567 984 3628 Olivcrus
1004 3584 1090 3644 prae·

72 3647 165 3715 dicavit
191 3653 344 3731 Coloniae,
374 3654 431 3714 duo
460 3661 571 3715 montes
598 3656 628 3713 in
649 3655 750 3732 Papbo
772 3655 912 3715 babentes
932 3649 1035 3732 intra⁶)
1057 3671 1091 3711 so

86 3803 114 3872 1)
129 3803 169 3858 ΟῈ
186 3805 386 3860 Coloniensi.
401 3835 432 3846 -
446 3804 511 3874 2113
528 3804 649 3858 Brixia.
666 3833 697 3846 —
710 3804 795 3873 3)Βῦ
810 3821 890 3867 oum,
908 3818 966 3856 mox
983 3803 1093 3856 licon-

130 3877 332 3930 strsrcntnr.
350 3903 382 3918 -
400 3875 433 3944 4)
451 3873 546 3941 comis,
563 3873 651 3929 Come.
671 3903 702 3914 -
722 3875 754 3942 ⁵)
772 3872 940 3937 libuisset.
