2506 4254
176 295 243 356 ltu
489 289 717 426 DF'HNUHO
740 289 897 352 natm

176 421 206 476 ct
236 415 298 492 ipse
327 413 833 492 nucumtngeutxtnbaemec
885 411 1199 488 Mamcmanumc

72 563 74 580 ,
175 502 254 562 irene
274 501 408 562 memphi
425 501 589 576 mairem,
608 503 651 560 eit
670 503 741 561 salis
760 498 917 560 huffltcrr
936 497 983 559 lte
1002 501 1034 558 h
1054 515 1133 576 paee,
1153 498 1198 558 bc·

176 607 232 650 um
246 591 323 650 anim
342 590 387 648 vir
407 589 483 648 esda
526 587 584 664 Oui
599 587 647 647 ille
667 589 835 664 repentinas,
855 586 948 646 laatm
967 587 1113 662 precessit,
1134 585 1199 644 dici-

176 678 299 736 uitussc
319 675 470 734 liberatum
487 691 708 752 recognoscam
750 674 832 734 Haec
858 673 927 732 mibi
948 673 1026 733 idam
1046 672 1198 732 Ricbwlnm

177 777 227 824 cre
244 777 301 822 suc
320 763 469 822 confessus
491 768 543 821 est.
585 759 789 822 Noviorum
814 759 909 820 Valde
929 759 1073 820 timendus
1093 764 1143 834 cst,
1162 759 1198 819 cui

177 852 221 910 sic
236 849 339 913 aether
357 848 519 909 fimulatnr.
558 846 797 908 ,Mercurius
818 847 884 908 Neu
903 847 999 907 selum
1019 847 1092 924 ignis
1110 845 1199 906 asibe-

125 928 127 935 ’
177 953 259 1012 rcus,
290 935 343 996 sed
364 941 393 995 et
424 943 554 994 terrenus
580 937 631 1012 qui
652 934 735 1012 lignis
762 937 899 1009 nutritur,
925 940 957 993 et
982 935 1023 993 ab
1049 933 1197 992 bominibus

177 1023 373 1097 succendens,
397 1023 423 1082 ci
442 1021 580 1096 deseruit,
600 1039 677 1082 nunc
695 1021 736 1081 ad
755 1019 900 1081 erasm
925 1026 1028 1080 nutum
1048 1023 1198 1080 vimnau·

177 1111 266 1171 talem
293 1107 470 1183 »camberia
497 1126 574 1168 nunc
595 1111 628 1168 in
655 1126 686 1169 re
712 1107 816 1186 digida
842 1125 901 1168 nen
926 1109 1025 1168 ninus
1045 1105 1197 1168 musculosa

179 1196 300 1258 eandem
326 1195 493 1256 exercendo.

508 1327 741 1397 CAPITULUM
767 1331 889 1394 XXXI.

236 1458 285 1519 De
305 1458 399 1518 uidua
420 1475 498 1534 queas
515 1473 674 1515 masuras
693 1473 766 1514 suaa
783 1471 898 1530 poneres
920 1461 1027 1514 emim
1045 1457 1153 1531 qaeu,

391 1545 515 1603 demum
534 1561 624 1602 suam
645 1541 839 1602 abducendis
862 1541 1006 1602 cucanea

245 1659 280 1732 in
297 1657 477 1741 Episcopatu
490 1661 653 1723 Coloniensi
674 1662 759 1740 epide
780 1659 919 1738 imperiali
941 1653 1196 1739 quosvenerunt

181 1751 291 1827 dicitur,
311 1752 401 1811 vidua
422 1750 563 1827 quaedam
587 1749 735 1810 cervisiam
756 1749 877 1809 braxare
891 1767 928 1809 ae
949 1747 1075 1810 vendere
1096 1745 1196 1808 solebat

181 1835 237 1898 Die
259 1837 384 1915 quadam
397 1855 463 1898 cum
485 1841 585 1898 civitas
601 1853 670 1898 casu
687 1837 787 1897 inisset
801 1839 924 1912 incensa,
945 1836 1096 1911 ipsumque
1115 1837 1196 1893 inccr-

183 1925 262 1985 dium
284 1921 381 1984 domui
402 1927 462 1984 eius
483 1927 754 2002 appropinquasset,
778 1922 826 1981 illa
847 1925 904 1982 iam
924 1938 982 1982 nen
1004 1922 1111 1982 habens
1130 1933 1193 1996 spem

182 2007 338 2071 maurilio
359 2010 500 2086 humano,
529 2010 568 2070 ad
597 2010 723 2070 divinum
753 2010 886 2086 coniugii.
936 2009 1011 2068 Nam
1041 2010 1131 2068 emrria
1152 2021 1193 2064 cua

181 2113 254 2160 vasa
267 2099 371 2174 quibus
386 2099 535 2158 cervisiam
545 2098 724 2174 emptoribus
737 2114 901 2157 mensurare
915 2096 1035 2172 solebat,
1056 2091 1094 2156 ad
1109 2095 1192 2153 ostium

183 2182 284 2246 domus
306 2192 406 2245 eontra
424 2185 556 2244 flammas
576 2201 701 2261 ponens,
728 2185 759 2242 in
780 2181 870 2242 multa
898 2182 991 2243 cerdis
1013 2185 1058 2242 sui
1078 2179 1192 2257 simplici·

181 2279 249 2348 tate,
271 2275 312 2332 sic
334 2274 426 2332 oravit
447 2271 558 2332 dicenst
578 2265 703 2332 Do'mina
723 2271 806 2331 Deus
826 2273 917 2330 iustus
940 2276 969 2329 et
996 2263 1192 2342 misericors,si

181 2377 309 2436 unquam
330 2359 454 2434 aliquem
474 2355 654 2438 bominum2)
686 2358 731 2416 his
763 2359 901 2417 mensuris
934 2357 1052 2434 decepi,
1082 2354 1143 2416 vole
1168 2355 1192 2410 nt

182 2447 283 2506 demus
305 2446 377 2504 haec
400 2446 589 2506 comburatur.
631 2445 662 2506 Si
684 2451 781 2504 autem
801 2444 861 2504 feci-
877 2443 955 2519 quod
978 2450 1087 2504 rectum
1111 2439 1191 2501 aab

181 2533 272 2594 oculis
293 2535 364 2607 tuis,
385 2549 487 2608 precer
507 2535 642 2592 iustitiam
662 2531 759 2606 luam,
780 2538 812 2591 ut
832 2533 861 2590 in
883 2530 938 2590 bac
958 2531 1032 2591 bera
1051 2529 1191 2588 misericer-

181 2619 254 2679 diter
266 2621 400 2696 respicias
413 2622 611 2679 necessitatem
633 2637 736 2694 meam,
762 2624 791 2676 et
811 2618 880 2676 mibi
892 2635 1033 2693 meaeque
1047 2609 1191 2692 supellectili

179 2721 296 2784 parcere
320 2697 473 2783 'eligeremus
505 2703 580 2766 Mira
608 2705 679 2765 fides
707 2705 842 2781 feminae,
874 2707 948 2764 mira
969 2705 1026 2763 Dci
1060 2700 1191 2762 humilta

180 2789 210 2854 Ic
232 2797 282 2871 qui
304 2788 389 2852 dixit:
413 2793 482 2870 Qua
503 2797 755 2852 mensuramque·
767 2791 894 2869 fueritis,
911 2793 1079 2852 remetietur
1092 2779 1191 2857 cabad,

178 2895 215 2941 ac
236 2883 261 2940 si
281 2881 309 2940 ei
330 2882 457 2940 eratione
485 2879 577 2939 fidelis
607 2878 711 2938 viduae
738 2878 903 2938 conclusum
931 2878 1046 2952 luisset,
1083 2877 1191 2936 dammas

177 2969 316 3026 emniain
336 2968 453 3027 circuitu
475 2966 653 3042 devorantes,
674 2983 693 3024 a
712 2965 796 3025 deme
817 2967 876 3024 eius
899 2966 1083 3040 compescuit,
1102 2957 1191 3022 cunctis

178 3051 359 3129 stupentibus
381 3053 459 3129 quod
479 3055 553 3131 ignis
573 3053 668 3132 furens
689 3053 837 3112 materiam
859 3051 1041 3112 cremabilem
1061 3049 1190 3118 lamberet,

180 3153 234 3200 nee
253 3139 424 3200 incenderet.
466 3137 545 3199 Audi
563 3154 641 3199 nunc
663 3139 719 3200 alia
740 3154 832 3216 aeque
856 3137 1036 3200 miraculosa

501 3325 734 3390 CAPITULUM
754 3325 890 3390 XXXII.

135 3466 141 3477 ’
257 3452 306 3511 De
323 3455 387 3512 cive
407 3453 571 3512 ducendast
589 3455 676 3511 euius
697 3455 783 3512 ccaiis
804 3450 956 3510 cucumeris
978 3455 1028 3523 esi,
1049 3465 1127 3509 usae

515 3539 662 3598 cceledda
689 3539 873 3597 miraculosa.

15 3671 26 3719 l
241 3659 331 3736 Apud
351 3658 499 3720 Susaciam
521 3662 665 3719 civitatem
686 3660 834 3719 Dicecesis
857 3657 1033 3718 coloniensis
1054 3657 1118 3717 civis
1137 3649 1188 3726 qni·

177 3745 245 3809 dam
276 3749 305 3806 in
332 3747 388 3807 bac
415 3747 515 3805 ultima
537 3747 715 3822 expeditione
744 3763 828 3806 cruce
850 3745 977 3822 signatus
998 3745 1057 3803 luit
1097 3737 1187 3801 Eodem

39 3846 69 3888 ¹*
192 3864 227 3934 r)
244 3863 378 3932 bnisburg.
397 3892 428 3902 -
448 3861 703 3930 arescentem.
725 3892 754 3902 -
774 3863 805 3930 a)
824 3861 910 3913 uates.
928 3863 953 3925 r,
969 3861 994 3911 a.
