2524 4252
340 2 516 32 κ

180 265 242 326 382
448 263 676 333 nisumculc
699 263 941 326 uuouucms

520 419 752 484 CAPI‘HJLUM
770 421 875 482 XXII.

452 525 454 530 ’
480 527 530 586 Dc
555 526 696 586 Jordano
719 526 873 586 Caecinae
882 521 912 604 ¹)

245 627 323 690 Auta
350 646 459 708 paucos
488 647 579 690 annos
599 629 711 690 Romae
740 629 855 706 quidam
878 627 1036 689 Cerdiualis
1063 627 1197 690 defunctu

181 722 233 792 est,
254 718 367 777 nominc
389 715 544 777 Jordanus.
576 716 622 776 De
644 715 742 776 ordine
764 717 880 794 quidem
899 715 1078 776 cisterciensi
1099 733 1197 776 assum
1240 723 1241 778 i

181 809 248 908 ptus
269 801 375 878 suerat,
396 803 448 863 sed
477 806 536 863 vita
557 803 649 862 ordini
669 805 698 862 in
716 819 755 864 eo
776 805 891 864 minime
912 801 1111 864 concordabat
1138 802 1197 860 Erat

181 892 257 950 euim
277 907 383 950 avarus
403 873 503 966 valde,
524 891 599 949 siout
619 889 781 965 aquodam
802 888 918 949 Abbate
939 889 1047 949 audivi
1076 887 1198 948 Habebat

181 982 278 1036 antem
291 978 433 1036 noterium
452 979 567 1036 nomine
580 975 790 1052 Pandolpbum.
824 975 910 1036 Hunc
932 993 998 1036 eum
1018 975 1197 1052 proquodam

181 1065 295 1140 negotio
316 1065 414 1122 neseio
436 1079 493 1140 quo
515 1064 653 1137 misisset,
683 1064 795 1122 interim
820 1063 981 1139 exspiravit.
1011 1061 1119 1122 Eadem
1136 1061 1197 1122 bora

181 1165 248 1212 cum
268 1149 316 1209 ille
338 1149 451 1226 expleto
472 1152 587 1226 negotio
608 1150 726 1224 rediret,
754 1165 839 1209 mene
865 1156 931 1209 ante
951 1149 1047 1208 iucem
1068 1155 1196 1210 catervam

180 1235 372 1296 miserabilem
400 1239 429 1295 in
450 1253 520 1313 egro
545 1236 752 1312 contemplatus
773 1241 825 1295 est
867 1235 1015 1296 Sedebant
1033 1235 1196 1295 bominesiu

170 1323 322 1397 tumentis,
342 1323 371 1381 in
394 1339 443 1383 ore
464 1322 571 1382 caudas
584 1323 734 1399 babentes,
752 1323 843 1382 versis
865 1321 956 1382 dorsis
977 1321 1015 1382 sd
1034 1325 1122 1398 eapite
1140 1321 1196 1380 iiio·

180 1425 253 1468 rum.
297 1408 377 1486 Quos
397 1408 543 1469 Jordenus
572 1408 685 1469 cuculla
703 1409 833 1484 indutus,
860 1409 944 1468 nudis
965 1408 1085 1485 pedibus
1104 1425 1197 1484 soque-
1242 1420 1243 1486 i

136 1567 138 1571 Ι
181 1495 275 1571 batur,
297 1494 409 1556 dnobus
432 1495 618 1556 daemonibus
639 1513 671 1556 se
692 1494 870 1561 ducentibus.
903 1495 938 1554 Iu
952 1513 1072 1578 quorum
1092 1499 1196 1572 aspectu

182 1581 251 1642 dum
271 1584 398 1642 notarius
418 1585 502 1642 nimis
522 1583 657 1658 horreret,
682 1581 816 1643 clamavit
837 1580 1008 1642 cardinalis.
1030 1581 1196 1658 Pandolpbe,

181 1667 364 1746 Pandolpbe,
384 1666 591 1749 PandolpbeR)
633 1669 813 1730 subsistente
834 1667 936 1728 elerico
959 1675 987 1729 et
1008 1667 1124 1745 dicente,
1143 1667 1197 1744 quis

182 1771 222 1832 es,
244 1763 294 1816 aut
315 1755 384 1834 quid
406 1755 535 1816 clamas?
555 1757 702 1832 respondit
721 1755 784 1815 ille:
825 1756 888 1832 Ego
910 1773 975 1815 sum
991 1755 1131 1816 Jordanus
1149 1753 1196 1813 do-
1243 1783 1244 1802 ι

182 1844 276 1902 minus
297 1848 380 1919 tuns,
409 1849 438 1904 et
465 1849 592 1902 mortuus
620 1860 693 1902 sum.
735 1839 858 1902 Dicente
878 1841 943 1916 iilo,
971 1859 1028 1918 quo
1057 1837 1195 1904 ducimini?

160 1922 342 2005 respoudit:
364 1927 441 1989 Ante
462 1929 586 1989 tribunal
607 1929 718 1990 Christi.
749 1929 788 1988 Et
808 1929 869 1988 iile:
891 1927 989 1988 Nostis
1010 1927 1078 2006 quid
1098 1927 1130 1989 da
1147 1943 1195 1988 vo-

182 2015 228 2075 bis
249 2017 286 2074 sit
305 2015 453 2075 futurum?
491 2016 556 2076 Non
576 2019 652 2090 novi,
672 2018 772 2092 inquit,
792 2015 874 2076 Deus
894 2017 957 2075 soit.
988 2015 1046 2077 Sed
1068 2013 1195 2077 cumiiluc

184 2118 307 2176 venero,
339 2102 441 2162 beatus
461 2103 564 2162 Petrus
585 2103 621 2162 de
643 2101 806 2163 cardinalia
826 2119 892 2162 mea
912 2119 964 2179 pro
985 2119 1033 2164 me
1051 2101 1195 2164 redditurus

182 2195 226 2249 est
246 2191 399 2265 rationem,
420 2196 536 2250 sanctus
563 2207 632 2249 vero
652 2190 826 2249 Benedictus
855 2189 890 2250 de
919 2189 1039 2250 cuculla.
1081 2186 1195 2267 Quodsi

181 2275 259 2335 illam
280 2276 349 2335 mibi
371 2277 498 2336 obtinere
519 2278 643 2352 potuerit
654 2272 684 2356 ³),
704 2276 854 2352 salvabor3
883 2279 926 2335 sin
948 2282 1059 2352 autem,
1091 2276 1195 2337 dauna-

181 2363 243 2424 bor.
285 2362 389 2437 Sicque
421 2362 511 2422 oculis
540 2366 600 2422 eius
629 2363 790 2426 subtractus
818 2367 875 2423 ests
912 2361 1112 2424 NOVICIUS:
1141 2359 1194 2420 Non

181 2448 251 2508 mibi
269 2449 366 2524 placet
385 2452 414 2508 in
434 2448 483 2510 illo
506 2448 612 2509 ducatu
632 2451 794 2524 praesentia
815 2447 1001 2524 daemonum,
1034 2453 1063 2510 et
1083 2446 1197 2511 absentia

181 2539 345 2596 sanctorum
377 2536 551 2613 angelorum.
601 2535 835 2596 MONACHUS·
865 2535 948 2596 Haeo
981 2535 1058 2596 dicta
1087 2538 1138 2596 sint
1166 2530 1195 2590 de

179 2624 280 2700 poenis
308 2623 503 2699 reproborum.
552 2619 755 2682 NOVIGIUS.
787 2621 868 2683 Licet
898 2622 1062 2683 huiusmodi
1087 2623 1195 2683 visiones

179 2725 269 2814 saepe
290 2711 347 2769 sint
367 2725 466 2784 verae,
495 2712 586 2786 magis
607 2715 704 2768 tamen
726 2710 752 2769 ei
773 2708 917 2768 crederem
939 2711 988 2786 qui
1008 2715 1146 2770 revertens
1164 2704 1194 2764 ab

178 2783 274 2856 inferis
305 2798 368 2856 visa
399 2800 539 2857 recitaret.
587 2794 921 2856 mensunusum
951 2795 1014 2856 fieri
1041 2812 1122 2872 posse
1144 2790 1193 2852 Job

181 2882 357 2943 contradicit
398 2883 496 2957 Sicut,
523 2884 628 2958 inquit,
660 2885 844 2942 desumitur
868 2882 961 2941 nubes
989 2889 1017 2942 at
1037 2881 1194 2960 percurrit

179 2972 220 3029 sic
241 2973 294 3046 qui
314 2966 488 3048 descendi&
511 2969 553 3029 ud
572 2969 698 3046 tnfmoa,
719 2987 781 3028 non
806 2966 954 3041 ascendet,
975 2987 1030 3028 occ
1049 2971 1195 3029 recubitet

179 3057 263 3115 utica
283 3059 316 3116 s'n
337 3057 459 3116 ἀοιιιιιιιι
480 3074 583 3135 mum,
606 3074 700 3132 oreque
721 3061 874 3132 copposcct
894 3073 961 3114 cum
984 3055 1109 3132 emptura
1127 3053 1194 3114 bea

181 3139 283 3212 θίαν).
325 3143 459 3204 Referam
479 3144 532 3204 tibi
553 3149 650 3203 tamen
671 3141 748 3218 quod
770 3147 837 3202 ente
857 3142 1006 3202 biennium
1026 3142 1127 3203 andivi.

490 3279 722 3342 CAPITULUM
746 3276 903 3360 xxw)

315 3384 364 3444 Dc
383 3384 545 3446 Eocrwaoc
566 3386 609 3444 ad
628 3385 790 3464 crfcmutcs
806 3401 921 3460 pomus
943 3378 1077 3446 dederas.

244 3485 439 3550 Theodericus
466 3489 656 3549 b'raiectensis
683 3487 843 3565 Episcopus
875 3485 911 3548 dc
943 3493 1037 3548 cestro
1063 3483 1196 3556 unchen

189 3574 323 3651 rutundus,
344 3592 459 3636 serrum
481 3575 624 3652 quendam
644 3574 772 3636 habebat
791 3573 950 3636 Everwsob
970 3576 1093 3650 nomine,
1110 3568 1196 3650 prori-

198 3689 313 3762 DAEF
335 3683 569 3747 cardinale.-
589 3688 827 3760 2.)Pandoipbe
844 3689 894 3743 sdd
911 3687 1007 3743 ABCF.
1027 3717 1059 3732 ··-
1075 3689 1107 3756 3)
1122 3680 1196 3740 susi

213 3692 499 3901 Jffirillltffl
408 3762 491 3827 -4)
514 3761 536 3815 u
558 3760 778 3814 descenderit.
797 3789 832 3802 ·-
847 3760 881 3831 t)
896 3759 944 3814 Job
962 3759 995 3825 ’1,
1014 3758 1108 3812 9-10.
1123 3784 1152 3798 ·-
1167 3751 1195 3820 ⁶)

397 4011 406 4046 Ι
