2608 4252
409 291 463 351 DE
485 288 642 352 SANGTA
654 287 805 350 ΜΑΒΙΑ.
1086 293 1126 351 25

94 417 169 476 risio.
221 411 428 475 NOVIOIUS:
467 411 557 472 Miror
595 415 620 472 si
659 415 702 472 sic
733 411 861 471 Domina
897 417 995 471 nostra
1033 413 1130 473 visitet

94 503 230 580 periectas
258 501 393 576 feminas,
425 501 569 577 quomodo
598 503 684 573 viros.
727 497 962 558 MONACHUS:
993 498 1059 558 Non
1086 507 1129 559 est

95 589 168 668 apud
188 592 282 665 ipsam
304 587 467 648 differentia.
513 588 634 646 Femina
654 593 723 645 nata
745 592 802 661 est,
824 587 951 643 omnium
966 582 982 663 ¹)
1004 589 1130 645 virorum

96 681 180 752 capnt
209 675 353 734 Christum
382 691 418 734 ex
445 692 475 733 se
502 675 608 751 genuit
649 672 811 748 Utrumque
840 688 940 730 sexum
969 673 1132 732 consolatur

97 771 124 824 ct
149 764 264 836 visitat,
296 763 409 836 utrique
438 778 491 820 sua
523 767 632 820 secreta
662 759 778 819 revelat.
826 759 892 818 Hoc
921 775 984 818 esse
1016 777 1130 833 rerum,

99 852 189 927 magis
211 849 263 908 tibi
286 847 435 907 ostendam
458 847 594 923 exemplis
625 865 711 924 quam
731 847 835 906 verbis

449 985 684 1048 CAPITULUM
705 985 782 1044 XX.
792 980 822 1065 *)

251 1108 300 1166 De
320 1106 479 1166 amacha
504 1106 610 1165 cubilis
631 1109 753 1182 cirpiais
782 1106 818 1164 dc
841 1102 978 1185 Quium).

161 1211 197 1270 In
225 1228 313 1288 regno
343 1211 482 1270 Franciae
509 1207 610 1290 vilici)
644 1228 718 1286 quae
748 1206 874 1289 Quid0⁴)
907 1210 1022 1284 dicitnr,
1053 1211 1133 1286 virgo

99 1299 242 1376 quaedam
262 1298 316 1356 suit
335 1296 437 1356 nobilis
459 1304 487 1358 et
508 1297 652 1374 religiosa,
675 1297 726 1356 sed
747 1297 913 1373 paralytica.
955 1297 1032 1356 Huic
1053 1304 1135 1372 pater

98 1403 167 1446 suus
188 1391 288 1460 utpote
308 1387 353 1443 vir
372 1402 493 1462 magnus
515 1390 543 1444 et
572 1375 667 1458 dives,
695 1385 873 1442 sacerdotem
902 1387 950 1460 qui
980 1387 1006 1444 ei
1038 1384 1135 1444 divina

100 1473 257 1532 celebraret
276 1472 410 1545 instituit,
442 1474 584 1529 ministros
613 1488 780 1546 annuosque
808 1470 935 1529 redditus
963 1471 1135 1530 sufficienter

101 1559 249 1619 ordinarit.
293 1557 376 1634 Quae
394 1576 459 1616 cum
482 1557 666 1632 orationibus,
686 1560 797 1616 ieiuniis
820 1563 848 1615 et
870 1556 982 1617 divinae
1004 1565 1134 1618 contem-

100 1647 217 1723 plationi
250 1661 366 1720 operam
393 1645 488 1719 daret,
520 1647 561 1704 ita
589 1644 701 1702 illarum
729 1643 878 1703 dulcedine
910 1653 994 1720 pasta
1022 1652 1074 1720 est,
1102 1653 1135 1703 ut

101 1735 192 1792 omnis
214 1732 296 1791 cibus
323 1731 476 1806 corporalis
500 1733 524 1790 ei
545 1733 734 1790 innauseam
755 1738 926 1806 verteretur,
953 1749 1007 1790 neo
1028 1731 1135 1808 aliquid

101 1837 138 1880 ex
160 1836 194 1880 eo
216 1834 328 1877 sumere
349 1826 454 1893 posset,
474 1821 528 1876 nisi
549 1835 667 1877 succum
688 1817 832 1877 modicum
853 1836 983 1876 uvarum.
1025 1818 1136 1894 Hospi-

101 1905 166 1965 talis
198 1911 259 1966 erat
284 1904 384 1979 valde,
415 1923 466 1980 per
497 1923 584 1980 qnam
612 1912 640 1965 et
668 1909 798 1980 spiritum
830 1909 932 1964 meruit
960 1906 1136 1981 prophetiae.

103 1991 240 2052 Ordinem
275 1998 403 2050 nostrum
436 2009 545 2050 summo
573 1992 683 2051 honore
715 1993 906 2051 venerabatur
915 1989 950 2072 5);
984 2001 1012 2051 et
1033 1993 1089 2052 hoc
1111 1995 1137 2052 ci

101 2081 267 2155 saepissime
294 2081 444 2154 contigisse
465 2079 568 2153 fertur,
600 2085 632 2137 ut
654 2097 719 2137 cum
740 2079 826 2154 aliqui
849 2080 1055 2138 monachorum
1077 2081 1136 2138 sive

101 2165 252 2226 Abbatnm
285 2164 322 2222 ad
350 2168 410 2224 eius
442 2165 595 2240 hospitium
627 2164 766 2224 divertere
787 2173 993 2241 proponerent,
1023 2165 1137 2224 illomm

100 2253 258 2313 adrentum
280 2254 343 2327 ipsa
359 2255 520 2328 praesciret,
542 2259 628 2327 atque
649 2255 678 2310 in
699 2253 775 2312 hunc
796 2253 914 2312 modum
935 2253 1031 2311 hilaris
1052 2253 1136 2310 lami-

101 2340 156 2400 liae
184 2338 373 2415 praediceret:
406 2339 469 2397 Tali
500 2355 535 2398 ac
563 2339 613 2398 tali
645 2339 690 2398 die
720 2339 761 2396 illi
793 2346 821 2398 et
852 2339 892 2397 illi
923 2338 1055 2399 Abbatcs
1076 2341 1136 2398 sive

101 2426 238 2486 monachi
277 2425 315 2483 ad
346 2442 397 2484 nos
434 2427 548 2484 venturi
579 2432 660 2500 sunt,
698 2433 866 2502 praeparate
899 2429 939 2485 eis
967 2429 1137 2486 necessaria.

102 2512 191 2588 Quod
210 2515 252 2571 ita
273 2512 379 2571 tactum
401 2519 452 2571 est.
494 2503 800 2588 Visionemquandam
814 2513 960 2572 mirificam
982 2513 1018 2572 de
1040 2513 1138 2572 ordine

102 2595 232 2678 nostro⁶)
262 2598 360 2658 videre
380 2601 497 2674 meruit,
527 2617 600 2674 quae
621 2602 651 2656 in
673 2599 778 2658 ordinis
800 2617 926 2660 amorem
947 2600 1026 2659 illam
1046 2600 1137 2675 pluri-

101 2703 184 2746 mum
194 2684 334 2745 accendit.
346 2719 386 2728 -
398 2685 539 2761 Tempore
554 2685 679 2760 quodam
692 2686 815 2762 Capituli
825 2688 973 2764 generalis,
996 2687 1031 2745 de
1042 2683 1061 2766 ²)
1074 2689 1135 2762 ipso

101 2771 237 2850 Capitnlo
266 2773 373 2831 scalam
402 2775 489 2831 mirac
517 2772 732 2848 pulchritudinis
754 2791 844 2849 usque
866 2775 904 2834 ad
926 2774 1037 2832 coelum
1068 2772 1139 2832 vidit

101 2865 242 2934 erectam,
276 2858 478 2934 dominumque
506 2859 634 2918 innixum
662 2862 757 2920 scalae
784 2878 870 2936 super
899 2859 1062 2935 Capitulum
1090 2877 1138 2920 re-

100 2949 280 3022 spicientem.
324 2941 411 3005 Cuius
438 2946 528 3005 latera
557 2953 586 3006 et
617 2943 723 3023 grados
754 2949 827 3006 tanti
855 2947 1012 3023 splendoris
1044 2954 1138 3023 erant,

101 3042 136 3092 ut
155 3033 253 3093 radios
272 3031 407 3112 solaresi)
429 3040 603 3108 superarent.
645 3033 847 3093 NOVICIUS:
870 3033 946 3110 Quid
968 3041 1065 3094 autem
1086 3037 1138 3094 tibi

101 3120 280 3198 significasse
300 3119 413 3179 videtur
438 3120 510 3179 haec
537 3119 630 3179 visio?
673 3119 906 3179 MONACHUS:
934 3121 1016 3180 Licet
1044 3125 1140 3182 omnia

102 3209 233 3282 quaein
264 3206 365 3265 eodem
387 3206 518 3281 Capitulo
548 3207 744 3266 tractabantur
772 3207 809 3265 ab
832 3207 1009 3284 Abbatibus,
1032 3213 1081 3285 qui
1104 3227 1139 3270 ex

102 3293 226 3354 diversis
247 3291 345 3372 mundi
365 3295 494 3368 partibus
514 3293 582 3353 illuc
604 3293 811 3368 confluxerant,
841 3294 936 3353 divina
956 3297 1140 3372 inspiratione

101 3380 221 3454 tierent,
241 3379 320 3438 haud
343 3379 461 3439 dubium
482 3386 578 3440 tamen
611 3383 679 3456 quin
700 3383 791 3439 sancti
812 3382 906 3458 angeli
935 3382 1139 3442 descendentes

103 3475 134 3526 et
156 3463 388 3546 ascendentem),
417 3466 519 3526 eadem
541 3467 669 3544 Christo,
699 3469 736 3528 oh
760 3471 839 3528 cuius
860 3469 999 3528 honorem
1020 3470 1141 3545 fiebant,

123 3582 155 3652 1)
174 3583 194 3634 B
213 3585 461 3650 omniumque·
473 3583 505 3650 l)
523 3583 611 3635 llomil.
630 3583 670 3635 lll.
688 3600 713 3650 p.
732 3584 858 3652 37.-2)
877 3586 913 3636 sic
929 3601 1015 3637 omnes
1033 3586 1098 3638 libri.
1110 3615 1141 3626 -

176 3652 248 3720 3)ss
271 3653 301 3704 in
324 3651 416 3716 villa,
439 3662 540 3720 praeter
563 3669 657 3705 morem
675 3655 817 3722 scriptoris3
840 3655 906 3706 conl.
925 3655 973 3718 IV,
996 3657 1039 3706 45.
1059 3685 1089 3695 -
1109 3656 1141 3722 d)

176 3720 198 3773 B
221 3721 329 3786 Quida.
349 3751 380 3762 -
399 3722 467 3788 5)1³
491 3723 712 3775 reverebatur.
733 3753 762 3762 -
776 3724 813 3791 a)
836 3732 947 3776 nostro
971 3723 1021 3775 add
1040 3725 1088 3778 cu.
1108 3753 1140 3763 -

145 3813 150 3820 ·
177 3790 211 3858 ⁷)
227 3789 266 3844 ΟΡ
283 3792 323 3842 ἰιι.
344 3821 374 3831 -
392 3792 424 3860 8]
443 3790 482 3843 ct>
499 3791 626 3844 solares
643 3793 763 3846 radios.
788 3823 819 3832 -
838 3793 870 3862 9)
887 3793 908 3845 Β
926 3793 1144 3845 ascendentes

178 3867 212 3912 et
228 3859 483 3925 descendentes,
500 3864 570 3914 iuxta
588 3862 677 3916 Genea.
696 3863 738 3927 28,
758 3862 798 3912 12.

862 3933 885 4005 2
