2506 4254
413 241 468 302 DE
491 239 718 308 MIRAOULIS.
1018 241 1078 302 261

63 381 140 440 quam
152 362 279 424 homines
298 363 450 424 subvenire
471 369 596 439 possent,
616 362 742 438 puellam
764 363 929 438 extinxerat,
949 364 1082 424 intestina

63 453 117 510 eius
143 450 290 512 devorans.
333 449 381 510 Sic
410 450 496 510 borno
526 450 573 509 ille
600 449 712 510 duobus
734 448 829 508 liberis
850 452 994 525 privatus,
1016 467 1083 512 cum

62 543 178 614 tempore
192 536 317 613 quodam
330 554 451 614 guerrae
468 554 587 596 uxorem
608 554 673 598 cum
695 534 863 612 supellectili
885 554 939 596 sua
958 539 988 595 in
1010 539 1082 598 civi·

62 629 141 684 tatem
155 623 352 698 transtulisset,
373 626 487 684 tertium
508 641 628 700 puerum
649 623 687 682 ad
709 622 868 684 custodiam
890 622 991 683 domus
1012 640 1082 686 suae
1119 629 1124 637 “

63 710 237 786 quoadusque
258 717 446 770 reverteretur
474 710 588 770 dimisit.
631 709 725 786 Quem
753 727 885 770 reversus
913 727 971 770 norr
998 712 1082 770 inve·
1168 759 1171 764 .

63 799 108 872 nit,
129 815 179 858 uec
207 803 309 874 postea
337 797 423 873 vidit3
457 804 485 856 et
514 799 573 856 veri
603 797 693 856 simile
716 803 759 857 est
781 796 859 872 quod
880 814 899 856 a
919 796 988 872 lupo
1009 800 1084 858 sicut

64 887 141 944 ceteri
166 885 247 944 luent
275 891 374 960 raptus
402 890 489 960 atque
516 884 679 944 suffocatus.
727 883 772 942 Ex
801 898 858 958 quo
883 883 1025 958 loquimur
1047 883 1083 944 de

62 969 145 1118 lupis13
168 972 288 1032 referam
316 972 368 1032 tibi
397 971 433 1032 dc
461 971 528 1048 lupo
558 969 636 1047 quod
662 987 752 1046 nuper
773 969 888 1046 audivi,
915 970 992 1032 unde
1013 973 1083 1034 satis

63 1074 127 1118 mna
146 1075 184 1122 ar.

282 1295 288 1306 ,
385 1245 616 1308 GAPITULUM
643 1247 753 1306 LXVI.

154 1371 198 1430 Dc
218 1371 289 1446 lupo
310 1373 363 1446 qui
379 1371 513 1446 patellam
536 1373 628 1429 tracti
649 1372 681 1428 e‘n
701 1385 820 1446 aemes,
842 1377 877 1431 rat
899 1388 931 1430 es
953 1371 989 1430 da

392 1464 513 1536 qutture
534 1460 603 1515 socii
626 1463 748 1516 eruerat.

121 1575 207 1638 Juxta
226 1578 324 1638 villam
345 1579 426 1640 cuius
447 1595 550 1636 nomen
573 1577 684 1652 excidit,
698 1577 790 1656 ¹lupus
811 1577 936 1653 puellam
957 1578 1085 1640 adultam

66 1664 171 1740 invasit,
199 1665 331 1725 dentibus
360 1664 507 1726 brachium
535 1664 609 1724 illins
631 1672 740 1724 tenens.
783 1664 878 1740 Quam
900 1683 965 1726 curn
986 1683 1085 1726 secum

67 1750 186 1826 traheret,
207 1755 337 1830 quotiens
350 1752 399 1814 illa
413 1752 536 1812 clamare
550 1754 652 1826 eoepit,
674 1749 845 1810 clamantem
858 1752 954 1812 danus
975 1753 1085 1829 pressit,

67 1841 93 1894 et
110 1841 208 1898 acenti
227 1842 362 1921 pepercit.
405 1838 481 1915 Quid
502 1837 605 1914 plura?
633 1837 731 1898 Ducta
752 1845 796 1897 est
816 1839 853 1898 ah
876 1855 910 1898 eo
932 1841 961 1898 in
982 1838 1084 1900 silvam

67 1921 101 1982 ad
124 1924 206 1984 aliurn
226 1926 342 2002 lupum,
374 1927 455 1986 euius
475 1928 582 2001 gutturi
603 1942 636 1984 os
657 1926 749 1986 suerat
768 1925 896 1986 infixum.
940 1925 995 2002 Qui
1018 1943 1083 1986 eum

67 2011 139 2070 nium
158 2019 342 2088 torqueretur,
364 2029 415 2087 per
436 2029 468 2072 os
490 2012 604 2072 alterius
625 2011 685 2087 lupi
706 2028 810 2072 marrus
830 2011 944 2088 puellae
965 2015 994 2072 ia
1015 2020 1083 2089 gut-

68 2101 107 2154 tur
130 2097 228 2160 hianda
259 2101 379 2160 mittitur
390 2096 422 2179 ¹),
449 2117 468 2159 a
496 2117 553 2175 qua
581 2116 613 2160 os
640 2099 718 2175 quod
739 2099 900 2160 inhaeserat
920 2099 1084 2160 extrahitur.

68 2179 178 2244 Senatus
206 2203 274 2246 vero
302 2203 370 2245 mox
396 2203 462 2246 cum
483 2204 535 2246 suo
558 2186 668 2263 collega
688 2185 815 2262 puellam
835 2187 874 2248 ad
894 2186 994 2246 villam
1014 2202 1083 2262 pro-

68 2271 147 2342 priam
168 2272 286 2332 reduxit
320 2271 522 2334 NOVICIUS:
543 2273 607 2350 Ego
630 2273 772 2348 quendam
793 2275 926 2334 iuvenem
947 2272 1014 2347 vidi,
1035 2273 1084 2348 qul

68 2355 220 2418 iuiulantia
241 2377 260 2419 a
279 2358 354 2436 lupis
375 2359 467 2419 fuerat
491 2367 603 2435 raptus,
634 2367 663 2420 et
683 2377 774 2436 usque
803 2360 841 2420 ad
861 2359 1084 2420 adolescentiam

70 2441 208 2520 educatus,
228 2448 269 2506 ita
290 2453 323 2504 ut
344 2464 422 2506 more
443 2447 575 2522 luporum
597 2465 684 2522 supra
692 2445 712 2525 ²)
735 2465 836 2507 manus
858 2454 888 2506 et
907 2445 996 2522 pedes
1018 2463 1084 2506 eur·

69 2543 121 2588 rere
133 2534 221 2608 sciret,
241 2539 328 2608 atque
341 2532 459 2593 ululare.
494 2533 729 2594 MONACHUSr
750 2533 833 2594 Haec
848 2533 883 2593 da
897 2533 996 2595 bestiis
1009 2531 1086 2592 dicta

69 2615 125 2674 sint
163 2618 244 2681 Nunc
265 2637 334 2680 vero
356 2619 392 2680 de
413 2622 557 2681 vermibus
578 2621 675 2697 aliqua
703 2621 889 2698 subiungam,
918 2622 1018 2696 sicque
1039 2617 1085 2678 or-

70 2703 234 2766 atinetiouem
256 2706 434 2786 concludam.

376 2896 609 2958 CAPITULUM
634 2897 760 2958 LXVII.

200 3019 248 3079 Dc
272 3017 383 3096 batem
403 3024 456 3096 qni
472 3027 644 3096 persecutus
666 3025 708 3079 eat
731 3017 941 3078 theodericum

382 3115 574 3183 coqaomento
598 3105 755 3167 Cunnum.

125 3222 156 3284 In
184 3223 326 3303 Carpauia
354 3226 422 3288 villa
448 3227 597 3289 Dioeeeris
626 3226 802 3288 Coloniensis
827 3227 907 3286 cuiue
927 3222 1087 3307 superius·)

72 3312 180 3388 memmi,
200 3313 286 3374 homo
306 3313 422 3390 quidam
442 3315 534 3376 luerat
556 3315 592 3374 de
613 3331 670 3390 quo
692 3313 761 3374 mibi
782 3329 839 3374 non
862 3319 973 3376 constat
993 3320 1088 3374 utrum

72 3392 153 3457 adhue
179 3401 273 3476 vivat,
305 3401 468 3478 religiosus,
500 3401 553 3462 scd
584 3418 704 3476 caecus,
735 3400 929 3460 Theodericus
960 3401 1087 3472 nomine,

72 3493 245 3558 cognomento
274 3485 391 3549 Cancer.
441 3488 497 3548 llic
525 3495 653 3565 tempore
682 3488 808 3565 quodam
835 3489 989 3547 iuventutis
1017 3500 1087 3546 suaa

72 3563 131 3628 dum
149 3573 176 3631 in
196 3590 266 3652 agro
287 3574 407 3636 tribulos
428 3575 523 3636 aridos
543 3576 682 3651 levasset,
715 3576 850 3636 bufonem
871 3574 925 3634 sub
955 3575 995 3632 eis
1022 3587 1087 3630 ma-

72 3669 147 3726 gnum
163 3659 287 3722 offendit.
330 3661 466 3740 Quicum
488 3680 519 3723 se
541 3670 640 3725 contra
662 3665 769 3724 eumin
790 3660 879 3738 pedes
900 3676 967 3722 suos
986 3663 1086 3734 poste·

90 3804 115 3871 1)
130 3807 149 3860 Ι)
166 3811 358 3867 immittitur.
376 3843 408 3856 -·
427 3815 459 3884 2)
476 3811 498 3870 Ε
515 3830 620 3883 super.
639 3845 670 3856 ·-
689 3814 722 3883 3)
737 3811 779 3870 cp
797 3826 901 3880 snpra
