<?xml version="1.0" encoding="UTF-8"?>
<!DOCTYPE html PUBLIC "-//W3C//DTD XHTML 1.0 Transitional//EN"
    "http://www.w3.org/TR/xhtml1/DTD/xhtml1-transitional.dtd">
<html xmlns="http://www.w3.org/1999/xhtml" xml:lang="en" lang="en">
 <head>
  <title>
</title>
<meta http-equiv="Content-Type" content="text/html;charset=utf-8" />
  <meta name='ocr-system' content='tesseract 3.04.00' />
  <meta name='ocr-capabilities' content='ocr_page ocr_carea ocr_par ocr_line ocrx_word'/>
</head>
<body>
  <div class='ocr_page' id='page_1' title='image "./caesariiheister02stragoog_0254.png"; bbox 0 0 2506 4254; ppageno 0'>
   <div class='ocr_carea' id='block_1_1' title="bbox 396 279 702 344">
    <p class='ocr_par' dir='ltr' id='par_1_1' title="bbox 396 279 702 344">
     <span class='ocr_line' id='line_1_1' title="bbox 396 279 702 344; baseline -0.013 0"><span class='ocrx_word' id='word_1_1' title='bbox 396 280 451 344; x_wconf 79' lang='lat' dir='ltr'><strong>DE</strong></span> <span class='ocrx_word' id='word_1_2' title='bbox 476 279 702 344; x_wconf 83' lang='lat' dir='ltr'><strong>MIRAGULIS.</strong></span> 
     </span>
    </p>
   </div>
   <div class='ocr_carea' id='block_1_2' title="bbox 355 470 745 536">
    <p class='ocr_par' dir='ltr' id='par_1_2' title="bbox 355 470 745 536">
     <span class='ocr_line' id='line_1_2' title="bbox 355 470 745 536; baseline -0.015 0"><span class='ocrx_word' id='word_1_3' title='bbox 355 473 588 536; x_wconf 79' lang='lat' dir='ltr'><strong>cAPrrULUM</strong></span> <span class='ocrx_word' id='word_1_4' title='bbox 611 470 745 532; x_wconf 90' lang='lat' dir='ltr'>XXXV.</span> 
     </span>
    </p>
   </div>
   <div class='ocr_carea' id='block_1_3' title="bbox 20 588 1159 3736">
    <p class='ocr_par' dir='ltr' id='par_1_3' title="bbox 22 588 1022 847">
     <span class='ocr_line' id='line_1_3' title="bbox 22 588 1022 676; baseline -0.009 -16"><span class='ocrx_word' id='word_1_5' title='bbox 22 627 25 634; x_wconf 61' lang='grc'><strong>’</strong></span> <span class='ocrx_word' id='word_1_6' title='bbox 84 601 128 660; x_wconf 82' lang='lat' dir='ltr'><strong>Dc</strong></span> <span class='ocrx_word' id='word_1_7' title='bbox 141 604 288 676; x_wconf 70' lang='lat' dir='ltr'><strong><em>piscatore</em></strong></span> <span class='ocrx_word' id='word_1_8' title='bbox 307 598 471 674; x_wconf 77' lang='lat' dir='ltr'><strong>fornicario</strong></span> <span class='ocrx_word' id='word_1_9' title='bbox 492 615 579 672; x_wconf 80' lang='lat' dir='ltr'><strong>qoem</strong></span> <span class='ocrx_word' id='word_1_10' title='bbox 600 595 727 654; x_wconf 75' lang='lat' dir='ltr'><strong>candens</strong></span> <span class='ocrx_word' id='word_1_11' title='bbox 754 592 871 668; x_wconf 75' lang='lat' dir='ltr'><strong>ferram</strong></span> <span class='ocrx_word' id='word_1_12' title='bbox 892 588 930 648; x_wconf 89' lang='lat' dir='ltr'><strong>ob</strong></span> <span class='ocrx_word' id='word_1_13' title='bbox 951 607 1022 648; x_wconf 83' lang='lat' dir='ltr'><strong>coa·</strong></span> 
     </span>
     <span class='ocr_line' id='line_1_4' title="bbox 175 679 925 762; baseline -0.015 -15"><span class='ocrx_word' id='word_1_14' title='bbox 175 688 329 762; x_wconf 75' lang='lat' dir='ltr'><strong>fessiortem</strong></span> <span class='ocrx_word' id='word_1_15' title='bbox 350 701 412 744; x_wconf 78' lang='lat' dir='ltr'><strong>asoa</strong></span> <span class='ocrx_word' id='word_1_16' title='bbox 432 686 524 756; x_wconf 81' lang='lat' dir='ltr'><strong>laesit,</strong></span> <span class='ocrx_word' id='word_1_17' title='bbox 547 690 574 743; x_wconf 89' lang='lat' dir='ltr'><strong>ct</strong></span> <span class='ocrx_word' id='word_1_18' title='bbox 590 689 696 758; x_wconf 79' lang='lat' dir='ltr'><strong>postca</strong></span> <span class='ocrx_word' id='word_1_19' title='bbox 716 679 925 738; x_wconf 82' lang='lat' dir='ltr'><strong>rccidtoaatcm</strong></span> 
     </span>
     <span class='ocr_line' id='line_1_5' title="bbox 289 767 753 847; baseline -0.004 -19"><span class='ocrx_word' id='word_1_20' title='bbox 289 791 290 798; x_wconf 53' lang='lat'>¹</span> <span class='ocrx_word' id='word_1_21' title='bbox 351 790 433 847; x_wconf 80' lang='lat' dir='ltr'><strong>aqua</strong></span> <span class='ocrx_word' id='word_1_22' title='bbox 453 770 567 845; x_wconf 72' lang='lat' dir='ltr'><strong>frtpido</strong></span> <span class='ocrx_word' id='word_1_23' title='bbox 586 767 753 828; x_wconf 76' lang='lat' dir='ltr'><strong>combussit.</strong></span> 
     </span>
    </p>

    <p class='ocr_par' dir='ltr' id='par_1_4' title="bbox 47 882 1120 1924">
     <span class='ocr_line' id='line_1_6' title="bbox 104 882 1069 962; baseline -0.012 -7"><span class='ocrx_word' id='word_1_24' title='bbox 104 894 214 955; x_wconf 81' lang='lat' dir='ltr'><strong>Referre</strong></span> <span class='ocrx_word' id='word_1_25' title='bbox 257 892 334 952; x_wconf 85' lang='lat' dir='ltr'><strong>solet</strong></span> <span class='ocrx_word' id='word_1_26' title='bbox 371 891 502 951; x_wconf 91' lang='lat' dir='ltr'><strong>dominus</strong></span> <span class='ocrx_word' id='word_1_27' title='bbox 529 889 693 949; x_wconf 88' lang='lat' dir='ltr'><strong>Bernardus</strong></span> <span class='ocrx_word' id='word_1_28' title='bbox 722 887 759 946; x_wconf 95' lang='lat' dir='ltr'><strong>de</strong></span> <span class='ocrx_word' id='word_1_29' title='bbox 772 885 897 962; x_wconf 89' lang='lat' dir='ltr'><strong>·Lippa,</strong></span> <span class='ocrx_word' id='word_1_30' title='bbox 937 882 1069 960; x_wconf 87' lang='lat' dir='ltr'><strong>quando·</strong></span> 
     </span>
     <span class='ocr_line' id='line_1_7' title="bbox 48 969 1112 1056; baseline -0.011 -16"><span class='ocrx_word' id='word_1_31' title='bbox 48 997 97 1056; x_wconf 88' lang='lat' dir='ltr'><strong>que</strong></span> <span class='ocrx_word' id='word_1_32' title='bbox 116 981 229 1056; x_wconf 83' lang='lat' dir='ltr'><strong>Abbus,</strong></span> <span class='ocrx_word' id='word_1_33' title='bbox 250 996 327 1039; x_wconf 91' lang='lat' dir='ltr'><strong>nunc</strong></span> <span class='ocrx_word' id='word_1_34' title='bbox 347 979 507 1054; x_wconf 81' lang='lat' dir='ltr'><strong>Episcopus</strong></span> <span class='ocrx_word' id='word_1_35' title='bbox 527 979 557 1035; x_wconf 90' lang='lat' dir='ltr'><strong>in</strong></span> <span class='ocrx_word' id='word_1_36' title='bbox 578 977 714 1050; x_wconf 87' lang='lat' dir='ltr'><strong>Livonia,</strong></span> <span class='ocrx_word' id='word_1_37' title='bbox 736 972 881 1050; x_wconf 86' lang='lat' dir='ltr'>quoddam</span> <span class='ocrx_word' id='word_1_38' title='bbox 901 969 1070 1031; x_wconf 85' lang='lat' dir='ltr'><strong>miraculum</strong></span> <span class='ocrx_word' id='word_1_39' title='bbox 1109 979 1112 990; x_wconf 81' lang='lat'><strong><em>¹</em></strong></span> 
     </span>
     <span class='ocr_line' id='line_1_8' title="bbox 47 1060 1070 1141; baseline -0.009 -16"><span class='ocrx_word' id='word_1_40' title='bbox 47 1068 190 1128; x_wconf 87' lang='lat' dir='ltr'><strong>iamdicto</strong></span> <span class='ocrx_word' id='word_1_41' title='bbox 211 1065 347 1126; x_wconf 86' lang='lat' dir='ltr'><strong>miraculo</strong></span> <span class='ocrx_word' id='word_1_42' title='bbox 369 1083 484 1141; x_wconf 86' lang='lat' dir='ltr'><strong>prorsus</strong></span> <span class='ocrx_word' id='word_1_43' title='bbox 498 1065 678 1124; x_wconf 87' lang='lat' dir='ltr'><strong>contrarium.</strong></span> <span class='ocrx_word' id='word_1_44' title='bbox 719 1061 803 1135; x_wconf 83' lang='lat' dir='ltr'><strong>Novi,</strong></span> <span class='ocrx_word' id='word_1_45' title='bbox 823 1061 923 1136; x_wconf 85' lang='lat' dir='ltr'><strong>inquit,</strong></span> <span class='ocrx_word' id='word_1_46' title='bbox 943 1060 1070 1134; x_wconf 88' lang='lat' dir='ltr'><strong>piscato-</strong></span> 
     </span>
     <span class='ocr_line' id='line_1_9' title="bbox 47 1143 1120 1232; baseline -0.01 -21"><span class='ocrx_word' id='word_1_47' title='bbox 47 1171 101 1213; x_wconf 90' lang='lat' dir='ltr'><strong>rem</strong></span> <span class='ocrx_word' id='word_1_48' title='bbox 119 1156 147 1214; x_wconf 89' lang='lat' dir='ltr'><strong>in</strong></span> <span class='ocrx_word' id='word_1_49' title='bbox 159 1156 334 1232; x_wconf 80' lang='lat' dir='ltr'><strong>Episcopatu</strong></span> <span class='ocrx_word' id='word_1_50' title='bbox 347 1151 531 1224; x_wconf 83' lang='lat' dir='ltr'><strong>Traiectensi‚</strong></span> <span class='ocrx_word' id='word_1_51' title='bbox 552 1152 601 1226; x_wconf 91' lang='lat' dir='ltr'><strong>qui</strong></span> <span class='ocrx_word' id='word_1_52' title='bbox 622 1167 688 1208; x_wconf 90' lang='lat' dir='ltr'><strong>cum</strong></span> <span class='ocrx_word' id='word_1_53' title='bbox 710 1147 834 1224; x_wconf 87' lang='lat' dir='ltr'><strong>quadam</strong></span> <span class='ocrx_word' id='word_1_54' title='bbox 855 1147 960 1213; x_wconf 81' lang='lat' dir='ltr'><strong>semina</strong></span> <span class='ocrx_word' id='word_1_55' title='bbox 981 1143 1071 1202; x_wconf 93' lang='lat' dir='ltr'><strong>multo</strong></span> <span class='ocrx_word' id='word_1_56' title='bbox 1111 1171 1120 1197; x_wconf 63' lang='lat' dir='ltr'><strong>s</strong></span> 
     </span>
     <span class='ocr_line' id='line_1_10' title="bbox 49 1235 1073 1317; baseline -0.01 -19"><span class='ocrx_word' id='word_1_57' title='bbox 49 1249 163 1317; x_wconf 84' lang='lat' dir='ltr'><strong>tempore</strong></span> <span class='ocrx_word' id='word_1_58' title='bbox 185 1241 277 1300; x_wconf 84' lang='lat' dir='ltr'><strong>iuerat</strong></span> <span class='ocrx_word' id='word_1_59' title='bbox 303 1239 464 1298; x_wconf 87' lang='lat' dir='ltr'><strong>fornicatus.</strong></span> <span class='ocrx_word' id='word_1_60' title='bbox 506 1238 545 1296; x_wconf 82' lang='lat' dir='ltr'><strong>nt</strong></span> <span class='ocrx_word' id='word_1_61' title='bbox 566 1238 633 1313; x_wconf 90' lang='lat' dir='ltr'><strong>quia</strong></span> <span class='ocrx_word' id='word_1_62' title='bbox 654 1239 715 1295; x_wconf 92' lang='lat' dir='ltr'><strong>eius</strong></span> <span class='ocrx_word' id='word_1_63' title='bbox 736 1240 887 1311; x_wconf 86' lang='lat' dir='ltr'><strong>peccatum</strong></span> <span class='ocrx_word' id='word_1_64' title='bbox 907 1235 990 1292; x_wconf 90' lang='lat' dir='ltr'><strong>nimis</strong></span> <span class='ocrx_word' id='word_1_65' title='bbox 1012 1236 1073 1291; x_wconf 85' lang='lat' dir='ltr'><strong>erat</strong></span> 
     </span>
     <span class='ocr_line' id='line_1_11' title="bbox 49 1319 1073 1403; baseline -0.008 -19"><span class='ocrx_word' id='word_1_66' title='bbox 49 1330 193 1402; x_wconf 87' lang='lat' dir='ltr'><strong>notorium,</strong></span> <span class='ocrx_word' id='word_1_67' title='bbox 228 1333 356 1403; x_wconf 88' lang='lat' dir='ltr'><strong>tempore</strong></span> <span class='ocrx_word' id='word_1_68' title='bbox 388 1325 513 1401; x_wconf 88' lang='lat' dir='ltr'><strong>quodam</strong></span> <span class='ocrx_word' id='word_1_69' title='bbox 544 1325 574 1382; x_wconf 90' lang='lat' dir='ltr'><strong>in</strong></span> <span class='ocrx_word' id='word_1_70' title='bbox 606 1322 723 1400; x_wconf 85' lang='lat' dir='ltr'><strong>Synodo</strong></span> <span class='ocrx_word' id='word_1_71' title='bbox 755 1323 912 1380; x_wconf 88' lang='lat' dir='ltr'><strong>imminenti</strong></span> <span class='ocrx_word' id='word_1_72' title='bbox 943 1319 1073 1380; x_wconf 87' lang='lat' dir='ltr'><strong>accusari</strong></span> 
     </span>
     <span class='ocr_line' id='line_1_12' title="bbox 49 1405 1072 1490; baseline -0.008 -19"><span class='ocrx_word' id='word_1_73' title='bbox 49 1415 148 1490; x_wconf 82' lang='lat' dir='ltr'><strong>inens,</strong></span> <span class='ocrx_word' id='word_1_74' title='bbox 168 1414 283 1474; x_wconf 89' lang='lat' dir='ltr'><strong>dicebat</strong></span> <span class='ocrx_word' id='word_1_75' title='bbox 303 1414 376 1471; x_wconf 87' lang='lat' dir='ltr'><strong>intra</strong></span> <span class='ocrx_word' id='word_1_76' title='bbox 397 1429 442 1471; x_wconf 86' lang='lat' dir='ltr'><strong>se:</strong></span> <span class='ocrx_word' id='word_1_77' title='bbox 464 1411 541 1488; x_wconf 85' lang='lat' dir='ltr'><strong>Quid</strong></span> <span class='ocrx_word' id='word_1_78' title='bbox 559 1428 638 1470; x_wconf 90' lang='lat' dir='ltr'><strong>nunc</strong></span> <span class='ocrx_word' id='word_1_79' title='bbox 658 1411 746 1470; x_wconf 87' lang='lat' dir='ltr'><strong>facies</strong></span> <span class='ocrx_word' id='word_1_80' title='bbox 766 1406 871 1467; x_wconf 76' lang='lat' dir='ltr'><strong>miseri</strong></span> <span class='ocrx_word' id='word_1_81' title='bbox 915 1405 945 1466; x_wconf 82' lang='lat' dir='ltr'><strong>Si</strong></span> <span class='ocrx_word' id='word_1_82' title='bbox 966 1409 996 1464; x_wconf 93' lang='lat' dir='ltr'><strong>in</strong></span> <span class='ocrx_word' id='word_1_83' title='bbox 1016 1405 1072 1464; x_wconf 84' lang='lat' dir='ltr'><strong>hcc</strong></span> 
     </span>
     <span class='ocr_line' id='line_1_13' title="bbox 50 1491 1072 1577; baseline -0.011 -18"><span class='ocrx_word' id='word_1_84' title='bbox 50 1499 154 1577; x_wconf 85' lang='lat' dir='ltr'><strong>Synodo</strong></span> <span class='ocrx_word' id='word_1_85' title='bbox 175 1499 212 1560; x_wconf 88' lang='lat' dir='ltr'><strong>de</strong></span> <span class='ocrx_word' id='word_1_86' title='bbox 232 1500 415 1558; x_wconf 84' lang='lat' dir='ltr'><strong>fornicatione</strong></span> <span class='ocrx_word' id='word_1_87' title='bbox 433 1505 584 1558; x_wconf 87' lang='lat' dir='ltr'><strong>accusatus</strong></span> <span class='ocrx_word' id='word_1_88' title='bbox 605 1498 699 1572; x_wconf 81' lang='lat' dir='ltr'><strong>fueris,</strong></span> <span class='ocrx_word' id='word_1_89' title='bbox 721 1503 750 1556; x_wconf 92' lang='lat' dir='ltr'><strong>et</strong></span> <span class='ocrx_word' id='word_1_90' title='bbox 767 1495 923 1568; x_wconf 81' lang='lat' dir='ltr'><strong>confessus,</strong></span> <span class='ocrx_word' id='word_1_91' title='bbox 944 1492 1021 1551; x_wconf 83' lang='lat' dir='ltr'><strong>illam</strong></span> <span class='ocrx_word' id='word_1_92' title='bbox 1043 1491 1072 1548; x_wconf 88' lang='lat' dir='ltr'><strong>in</strong></span> 
     </span>
     <span class='ocr_line' id='line_1_14' title="bbox 50 1578 1072 1662; baseline -0.01 -17"><span class='ocrx_word' id='word_1_93' title='bbox 50 1590 215 1647; x_wconf 81' lang='lat' dir='ltr'><strong>matrimonio</strong></span> <span class='ocrx_word' id='word_1_94' title='bbox 237 1603 304 1645; x_wconf 88' lang='lat' dir='ltr'><strong>mox</strong></span> <span class='ocrx_word' id='word_1_95' title='bbox 326 1586 429 1645; x_wconf 89' lang='lat' dir='ltr'><strong>ducere</strong></span> <span class='ocrx_word' id='word_1_96' title='bbox 451 1588 575 1662; x_wconf 71' lang='lat' dir='ltr'><strong>cogeris,</strong></span> <span class='ocrx_word' id='word_1_97' title='bbox 597 1587 621 1643; x_wconf 88' lang='lat' dir='ltr'><strong>si</strong></span> <span class='ocrx_word' id='word_1_98' title='bbox 643 1589 739 1643; x_wconf 90' lang='lat' dir='ltr'><strong>autem</strong></span> <span class='ocrx_word' id='word_1_99' title='bbox 760 1583 918 1657; x_wconf 82' lang='lat' dir='ltr'><strong>negaveris,</strong></span> <span class='ocrx_word' id='word_1_100' title='bbox 940 1578 1072 1639; x_wconf 92' lang='lat' dir='ltr'><strong>candenti</strong></span> 
     </span>
     <span class='ocr_line' id='line_1_15' title="bbox 51 1664 1072 1748; baseline -0.007 -18"><span class='ocrx_word' id='word_1_101' title='bbox 51 1674 113 1734; x_wconf 85' lang='lat' dir='ltr'><strong>icno</strong></span> <span class='ocrx_word' id='word_1_102' title='bbox 142 1676 288 1735; x_wconf 87' lang='lat' dir='ltr'><strong>convictus</strong></span> <span class='ocrx_word' id='word_1_103' title='bbox 316 1673 437 1748; x_wconf 86' lang='lat' dir='ltr'><strong>amplius</strong></span> <span class='ocrx_word' id='word_1_104' title='bbox 465 1672 654 1732; x_wconf 88' lang='lat' dir='ltr'><strong>confunderis.</strong></span> <span class='ocrx_word' id='word_1_105' title='bbox 696 1670 855 1745; x_wconf 83' lang='lat' dir='ltr'><strong>Statimque</strong></span> <span class='ocrx_word' id='word_1_106' title='bbox 876 1666 914 1725; x_wconf 88' lang='lat' dir='ltr'><strong>ad</strong></span> <span class='ocrx_word' id='word_1_107' title='bbox 936 1664 1072 1740; x_wconf 84' lang='lat' dir='ltr'><strong>sacerdo-</strong></span> 
     </span>
     <span class='ocr_line' id='line_1_16' title="bbox 51 1761 1073 1837; baseline -0.009 -19"><span class='ocrx_word' id='word_1_108' title='bbox 51 1767 99 1820; x_wconf 87' lang='lat' dir='ltr'><strong>tom</strong></span> <span class='ocrx_word' id='word_1_109' title='bbox 119 1764 243 1835; x_wconf 87' lang='lat' dir='ltr'><strong>veniens,</strong></span> <span class='ocrx_word' id='word_1_110' title='bbox 264 1763 355 1837; x_wconf 82' lang='lat' dir='ltr'><strong>magis</strong></span> <span class='ocrx_word' id='word_1_111' title='bbox 377 1765 409 1818; x_wconf 91' lang='lat' dir='ltr'><strong>ut</strong></span> <span class='ocrx_word' id='word_1_112' title='bbox 429 1767 496 1836; x_wconf 90' lang='lat' dir='ltr'><strong>post</strong></span> <span class='ocrx_word' id='word_1_113' title='bbox 507 1762 600 1836; x_wconf 84' lang='lat' dir='ltr'><strong>patuit</strong></span> <span class='ocrx_word' id='word_1_114' title='bbox 615 1761 715 1817; x_wconf 87' lang='lat' dir='ltr'><strong>timore</strong></span> <span class='ocrx_word' id='word_1_115' title='bbox 736 1773 846 1832; x_wconf 89' lang='lat' dir='ltr'><strong>poenae</strong></span> <span class='ocrx_word' id='word_1_116' title='bbox 868 1770 954 1830; x_wconf 84' lang='lat' dir='ltr'><strong>quam</strong></span> <span class='ocrx_word' id='word_1_117' title='bbox 976 1767 1073 1810; x_wconf 87' lang='lat' dir='ltr'><strong>amore</strong></span> 
     </span>
     <span class='ocr_line' id='line_1_17' title="bbox 51 1841 1074 1924; baseline -0.01 -18"><span class='ocrx_word' id='word_1_118' title='bbox 51 1848 169 1924; x_wconf 87' lang='lat' dir='ltr'><strong>iustitiae,</strong></span> <span class='ocrx_word' id='word_1_119' title='bbox 189 1853 340 1924; x_wconf 87' lang='lat' dir='ltr'><strong>peceatum</strong></span> <span class='ocrx_word' id='word_1_120' title='bbox 355 1847 499 1907; x_wconf 84' lang='lat' dir='ltr'><strong>consessus</strong></span> <span class='ocrx_word' id='word_1_121' title='bbox 514 1853 571 1922; x_wconf 76' lang='lat' dir='ltr'><strong>est3</strong></span> <span class='ocrx_word' id='word_1_122' title='bbox 594 1844 742 1905; x_wconf 89' lang='lat' dir='ltr'><strong>consilium</strong></span> <span class='ocrx_word' id='word_1_123' title='bbox 757 1845 897 1919; x_wconf 89' lang='lat' dir='ltr'><strong>quaesivit</strong></span> <span class='ocrx_word' id='word_1_124' title='bbox 910 1846 939 1898; x_wconf 90' lang='lat' dir='ltr'><strong>et</strong></span> <span class='ocrx_word' id='word_1_125' title='bbox 958 1841 1074 1899; x_wconf 88' lang='lat' dir='ltr'><strong>invenit.</strong></span> 
     </span>
    </p>

    <p class='ocr_par' dir='ltr' id='par_1_5' title="bbox 52 1925 1126 3317">
     <span class='ocr_line' id='line_1_18' title="bbox 52 1925 1073 2010; baseline -0.009 -18"><span class='ocrx_word' id='word_1_126' title='bbox 52 1931 77 1992; x_wconf 86' lang='lat' dir='ltr'><strong>Si</strong></span> <span class='ocrx_word' id='word_1_127' title='bbox 88 1935 183 2010; x_wconf 88' lang='lat' dir='ltr'><strong>habes,</strong></span> <span class='ocrx_word' id='word_1_128' title='bbox 195 1935 289 2010; x_wconf 89' lang='lat' dir='ltr'><strong>inquit</strong></span> <span class='ocrx_word' id='word_1_129' title='bbox 299 1930 440 2008; x_wconf 86' lang='lat' dir='ltr'><strong>sacerdos,</strong></span> <span class='ocrx_word' id='word_1_130' title='bbox 461 1933 573 1992; x_wconf 84' lang='lat' dir='ltr'><strong>firmum</strong></span> <span class='ocrx_word' id='word_1_131' title='bbox 587 1934 764 2008; x_wconf 92' lang='lat' dir='ltr'><strong>propositum</strong></span> <span class='ocrx_word' id='word_1_132' title='bbox 775 1949 922 2007; x_wconf 88' lang='lat' dir='ltr'><strong>nunquam</strong></span> <span class='ocrx_word' id='word_1_133' title='bbox 935 1925 1073 2001; x_wconf 88' lang='lat' dir='ltr'><strong>peccandi</strong></span> 
     </span>
     <span class='ocr_line' id='line_1_19' title="bbox 53 2020 1072 2098; baseline -0.005 -18"><span class='ocrx_word' id='word_1_134' title='bbox 53 2035 108 2080; x_wconf 85' lang='lat' dir='ltr'><strong>cum</strong></span> <span class='ocrx_word' id='word_1_135' title='bbox 127 2023 182 2098; x_wconf 85' lang='lat' dir='ltr'><strong>illa,</strong></span> <span class='ocrx_word' id='word_1_136' title='bbox 204 2020 329 2081; x_wconf 88' lang='lat' dir='ltr'><strong>candens</strong></span> <span class='ocrx_word' id='word_1_137' title='bbox 346 2021 450 2079; x_wconf 87' lang='lat' dir='ltr'><strong>ferrum</strong></span> <span class='ocrx_word' id='word_1_138' title='bbox 463 2037 562 2081; x_wconf 89' lang='lat' dir='ltr'><strong>secure</strong></span> <span class='ocrx_word' id='word_1_139' title='bbox 574 2021 680 2096; x_wconf 89' lang='lat' dir='ltr'><strong>poteris</strong></span> <span class='ocrx_word' id='word_1_140' title='bbox 693 2026 815 2096; x_wconf 86' lang='lat' dir='ltr'><strong>portare,</strong></span> <span class='ocrx_word' id='word_1_141' title='bbox 835 2021 986 2095; x_wconf 85' lang='lat' dir='ltr'><strong>ipsumque</strong></span> <span class='ocrx_word' id='word_1_142' title='bbox 1001 2034 1072 2095; x_wconf 89' lang='lat' dir='ltr'><strong>pec-</strong></span> 
     </span>
     <span class='ocr_line' id='line_1_20' title="bbox 54 2104 1074 2186; baseline 0.003 -20"><span class='ocrx_word' id='word_1_143' title='bbox 54 2115 138 2169; x_wconf 84' lang='lat' dir='ltr'><strong>catum</strong></span> <span class='ocrx_word' id='word_1_144' title='bbox 162 2125 283 2186; x_wconf 81' lang='lat' dir='ltr'><strong>ncgare3</strong></span> <span class='ocrx_word' id='word_1_145' title='bbox 305 2123 387 2182; x_wconf 88' lang='lat' dir='ltr'><strong>spero</strong></span> <span class='ocrx_word' id='word_1_146' title='bbox 409 2113 506 2168; x_wconf 87' lang='lat' dir='ltr'><strong>autem</strong></span> <span class='ocrx_word' id='word_1_147' title='bbox 527 2107 603 2183; x_wconf 91' lang='lat' dir='ltr'><strong>quod</strong></span> <span class='ocrx_word' id='word_1_148' title='bbox 626 2109 716 2167; x_wconf 86' lang='lat' dir='ltr'><strong>virtus</strong></span> <span class='ocrx_word' id='word_1_149' title='bbox 738 2109 921 2171; x_wconf 79' lang='lat' dir='ltr'><strong>consessionis</strong></span> <span class='ocrx_word' id='word_1_150' title='bbox 942 2104 1074 2168; x_wconf 86' lang='lat' dir='ltr'><strong>liberabit</strong></span> 
     </span>
     <span class='ocr_line' id='line_1_21' title="bbox 54 2193 1126 2274; baseline 0.004 -24"><span class='ocrx_word' id='word_1_151' title='bbox 54 2201 83 2252; x_wconf 88' lang='lat' dir='ltr'><strong>tc.</strong></span> <span class='ocrx_word' id='word_1_152' title='bbox 122 2196 205 2272; x_wconf 81' lang='lat' dir='ltr'><strong>Quod</strong></span> <span class='ocrx_word' id='word_1_153' title='bbox 226 2197 267 2254; x_wconf 85' lang='lat' dir='ltr'><strong>ita</strong></span> <span class='ocrx_word' id='word_1_154' title='bbox 287 2193 394 2253; x_wconf 88' lang='lat' dir='ltr'><strong>iactum</strong></span> <span class='ocrx_word' id='word_1_155' title='bbox 416 2201 481 2269; x_wconf 71' lang='lat' dir='ltr'><strong>cst,</strong></span> <span class='ocrx_word' id='word_1_156' title='bbox 494 2197 602 2257; x_wconf 89' lang='lat' dir='ltr'><strong>cunctis</strong></span> <span class='ocrx_word' id='word_1_157' title='bbox 624 2196 803 2270; x_wconf 87' lang='lat' dir='ltr'><strong>stupentibus</strong></span> <span class='ocrx_word' id='word_1_158' title='bbox 825 2198 928 2274; x_wconf 90' lang='lat' dir='ltr'><strong>quibus</strong></span> <span class='ocrx_word' id='word_1_159' title='bbox 948 2196 1071 2255; x_wconf 87' lang='lat' dir='ltr'><strong>iomica-</strong></span> <span class='ocrx_word' id='word_1_160' title='bbox 1119 2201 1126 2216; x_wconf 87' lang='lat'><em>&#39;</em></span> 
     </span>
     <span class='ocr_line' id='line_1_22' title="bbox 54 2281 1072 2358; baseline 0.004 -21"><span class='ocrx_word' id='word_1_161' title='bbox 54 2284 86 2339; x_wconf 90' lang='lat' dir='ltr'><strong>tio</strong></span> <span class='ocrx_word' id='word_1_162' title='bbox 101 2285 265 2342; x_wconf 85' lang='lat' dir='ltr'><strong>innotuerat.</strong></span> <span class='ocrx_word' id='word_1_163' title='bbox 286 2281 363 2340; x_wconf 88' lang='lat' dir='ltr'><strong>Ecce</strong></span> <span class='ocrx_word' id='word_1_164' title='bbox 375 2281 423 2342; x_wconf 90' lang='lat' dir='ltr'><strong>hic</strong></span> <span class='ocrx_word' id='word_1_165' title='bbox 436 2283 509 2358; x_wconf 81' lang='lat' dir='ltr'><strong>ignis</strong></span> <span class='ocrx_word' id='word_1_166' title='bbox 522 2282 579 2341; x_wconf 90' lang='lat' dir='ltr'><strong>Dei</strong></span> <span class='ocrx_word' id='word_1_167' title='bbox 595 2284 730 2358; x_wconf 82' lang='lat' dir='ltr'><strong>potentia,</strong></span> <span class='ocrx_word' id='word_1_168' title='bbox 747 2284 820 2342; x_wconf 88' lang='lat' dir='ltr'><strong>sicut</strong></span> <span class='ocrx_word' id='word_1_169' title='bbox 835 2286 864 2341; x_wconf 93' lang='lat' dir='ltr'><strong>in</strong></span> <span class='ocrx_word' id='word_1_170' title='bbox 880 2284 1072 2358; x_wconf 86' lang='lat' dir='ltr'><strong>superioribus</strong></span> 
     </span>
     <span class='ocr_line' id='line_1_23' title="bbox 55 2368 1070 2447; baseline 0.003 -23"><span class='ocrx_word' id='word_1_171' title='bbox 55 2368 186 2446; x_wconf 83' lang='lat' dir='ltr'><strong>exemplis,</strong></span> <span class='ocrx_word' id='word_1_172' title='bbox 197 2375 297 2428; x_wconf 88' lang='lat' dir='ltr'><strong>contra</strong></span> <span class='ocrx_word' id='word_1_173' title='bbox 306 2374 436 2428; x_wconf 87' lang='lat' dir='ltr'><strong>naturam</strong></span> <span class='ocrx_word' id='word_1_174' title='bbox 446 2370 505 2428; x_wconf 89' lang='lat' dir='ltr'><strong>vim</strong></span> <span class='ocrx_word' id='word_1_175' title='bbox 514 2385 596 2428; x_wconf 87' lang='lat' dir='ltr'><strong>suam</strong></span> <span class='ocrx_word' id='word_1_176' title='bbox 607 2371 764 2445; x_wconf 85' lang='lat' dir='ltr'><strong>restrinxit3</strong></span> <span class='ocrx_word' id='word_1_177' title='bbox 778 2376 806 2428; x_wconf 90' lang='lat' dir='ltr'><strong>et</strong></span> <span class='ocrx_word' id='word_1_178' title='bbox 816 2371 890 2429; x_wconf 89' lang='lat' dir='ltr'><strong>sicut</strong></span> <span class='ocrx_word' id='word_1_179' title='bbox 902 2371 931 2428; x_wconf 89' lang='lat' dir='ltr'><strong>in</strong></span> <span class='ocrx_word' id='word_1_180' title='bbox 947 2387 1070 2447; x_wconf 88' lang='lat' dir='ltr'><strong>sequen-</strong></span> 
     </span>
     <span class='ocr_line' id='line_1_24' title="bbox 56 2453 1071 2537; baseline 0.006 -27"><span class='ocrx_word' id='word_1_181' title='bbox 56 2454 120 2515; x_wconf 89' lang='lat' dir='ltr'><strong>tibus</strong></span> <span class='ocrx_word' id='word_1_182' title='bbox 138 2457 242 2531; x_wconf 89' lang='lat' dir='ltr'><strong>audies,</strong></span> <span class='ocrx_word' id='word_1_183' title='bbox 257 2455 411 2514; x_wconf 87' lang='lat' dir='ltr'><strong>mirabilius</strong></span> <span class='ocrx_word' id='word_1_184' title='bbox 427 2462 525 2514; x_wconf 89' lang='lat' dir='ltr'><strong>contra</strong></span> <span class='ocrx_word' id='word_1_185' title='bbox 541 2461 672 2515; x_wconf 88' lang='lat' dir='ltr'><strong>naturam</strong></span> <span class='ocrx_word' id='word_1_186' title='bbox 697 2455 849 2515; x_wconf 88' lang='lat' dir='ltr'><strong>incanduit.</strong></span> <span class='ocrx_word' id='word_1_187' title='bbox 872 2453 949 2532; x_wconf 87' lang='lat' dir='ltr'><strong>Quid</strong></span> <span class='ocrx_word' id='word_1_188' title='bbox 969 2457 1071 2537; x_wconf 67' lang='lat' dir='ltr'><strong>plura?</strong></span> 
     </span>
     <span class='ocr_line' id='line_1_25' title="bbox 56 2538 1072 2624; baseline 0.006 -26"><span class='ocrx_word' id='word_1_189' title='bbox 56 2539 209 2604; x_wconf 83' lang='lat' dir='ltr'><strong>Absolvitur</strong></span> <span class='ocrx_word' id='word_1_190' title='bbox 222 2543 317 2603; x_wconf 92' lang='lat' dir='ltr'><strong>homo.</strong></span> <span class='ocrx_word' id='word_1_191' title='bbox 334 2542 406 2602; x_wconf 90' lang='lat' dir='ltr'><strong>Post</strong></span> <span class='ocrx_word' id='word_1_192' title='bbox 417 2541 477 2601; x_wconf 89' lang='lat' dir='ltr'><strong>dics</strong></span> <span class='ocrx_word' id='word_1_193' title='bbox 497 2541 634 2619; x_wconf 89' lang='lat' dir='ltr'><strong>plurimos</strong></span> <span class='ocrx_word' id='word_1_194' title='bbox 646 2538 663 2621; x_wconf 91' lang='lat'><strong>¹)</strong></span> <span class='ocrx_word' id='word_1_195' title='bbox 686 2558 751 2600; x_wconf 86' lang='lat' dir='ltr'><strong>curn</strong></span> <span class='ocrx_word' id='word_1_196' title='bbox 765 2543 821 2602; x_wconf 87' lang='lat' dir='ltr'><strong>alio</strong></span> <span class='ocrx_word' id='word_1_197' title='bbox 839 2542 964 2618; x_wconf 89' lang='lat' dir='ltr'><strong>quodam</strong></span> <span class='ocrx_word' id='word_1_198' title='bbox 977 2547 1072 2624; x_wconf 87' lang='lat' dir='ltr'><strong>pisca-</strong></span> 
     </span>
     <span class='ocr_line' id='line_1_26' title="bbox 55 2627 1073 2709; baseline 0.007 -26"><span class='ocrx_word' id='word_1_199' title='bbox 55 2633 106 2688; x_wconf 90' lang='lat' dir='ltr'><strong>tore</strong></span> <span class='ocrx_word' id='word_1_200' title='bbox 127 2629 209 2691; x_wconf 82' lang='lat' dir='ltr'><strong>officii</strong></span> <span class='ocrx_word' id='word_1_201' title='bbox 229 2631 274 2689; x_wconf 87' lang='lat' dir='ltr'><strong>sui</strong></span> <span class='ocrx_word' id='word_1_202' title='bbox 295 2646 383 2688; x_wconf 87' lang='lat' dir='ltr'><strong>causa</strong></span> <span class='ocrx_word' id='word_1_203' title='bbox 402 2627 567 2688; x_wconf 75' lang='lat' dir='ltr'><strong>iri-flumine</strong></span> <span class='ocrx_word' id='word_1_204' title='bbox 587 2631 741 2704; x_wconf 86' lang='lat' dir='ltr'><strong>navigans,</strong></span> <span class='ocrx_word' id='word_1_205' title='bbox 763 2647 829 2688; x_wconf 90' lang='lat' dir='ltr'><strong>cum</strong></span> <span class='ocrx_word' id='word_1_206' title='bbox 850 2629 967 2689; x_wconf 91' lang='lat' dir='ltr'><strong>domum</strong></span> <span class='ocrx_word' id='word_1_207' title='bbox 987 2649 1073 2709; x_wconf 88' lang='lat' dir='ltr'><strong>prae-</strong></span> 
     </span>
     <span class='ocr_line' id='line_1_27' title="bbox 58 2712 1074 2789; baseline 0.005 -18"><span class='ocrx_word' id='word_1_208' title='bbox 58 2712 138 2776; x_wconf 83' lang='lat' dir='ltr'><strong>dictae</strong></span> <span class='ocrx_word' id='word_1_209' title='bbox 149 2717 271 2776; x_wconf 85' lang='lat' dir='ltr'><strong>mulieris</strong></span> <span class='ocrx_word' id='word_1_210' title='bbox 291 2716 436 2789; x_wconf 86' lang='lat' dir='ltr'><strong>vidissent,</strong></span> <span class='ocrx_word' id='word_1_211' title='bbox 457 2718 497 2774; x_wconf 87' lang='lat' dir='ltr'><strong>ait</strong></span> <span class='ocrx_word' id='word_1_212' title='bbox 517 2714 589 2774; x_wconf 87' lang='lat' dir='ltr'><strong>alter</strong></span> <span class='ocrx_word' id='word_1_213' title='bbox 609 2715 703 2773; x_wconf 90' lang='lat' dir='ltr'><strong>alteri:</strong></span> <span class='ocrx_word' id='word_1_214' title='bbox 725 2715 819 2775; x_wconf 92' lang='lat' dir='ltr'><strong>Valde</strong></span> <span class='ocrx_word' id='word_1_215' title='bbox 840 2720 926 2777; x_wconf 90' lang='lat' dir='ltr'><strong>miror</strong></span> <span class='ocrx_word' id='word_1_216' title='bbox 948 2717 1074 2776; x_wconf 90' lang='lat' dir='ltr'><strong>etmulti</strong></span> 
     </span>
     <span class='ocr_line' id='line_1_28' title="bbox 58 2801 1073 2892; baseline 0.006 -34"><span class='ocrx_word' id='word_1_217' title='bbox 58 2817 171 2878; x_wconf 90' lang='lat' dir='ltr'><strong>mecum,</strong></span> <span class='ocrx_word' id='word_1_218' title='bbox 200 2819 287 2879; x_wconf 86' lang='lat' dir='ltr'><strong>quare</strong></span> <span class='ocrx_word' id='word_1_219' title='bbox 308 2807 336 2861; x_wconf 89' lang='lat' dir='ltr'><strong>te</strong></span> <span class='ocrx_word' id='word_1_220' title='bbox 357 2804 386 2892; x_wconf 75' lang='lat' dir='ltr'><strong>in</strong></span> <span class='ocrx_word' id='word_1_221' title='bbox 407 2801 523 2879; x_wconf 87' lang='lat' dir='ltr'><strong>Synodo</strong></span> <span class='ocrx_word' id='word_1_222' title='bbox 545 2818 603 2859; x_wconf 94' lang='lat' dir='ltr'><strong>non</strong></span> <span class='ocrx_word' id='word_1_223' title='bbox 624 2803 756 2861; x_wconf 87' lang='lat' dir='ltr'><strong>inusserit</strong></span> <span class='ocrx_word' id='word_1_224' title='bbox 774 2803 893 2878; x_wconf 83' lang='lat' dir='ltr'><strong>ferrum,</strong></span> <span class='ocrx_word' id='word_1_225' title='bbox 927 2822 993 2863; x_wconf 92' lang='lat' dir='ltr'><strong>cum</strong></span> <span class='ocrx_word' id='word_1_226' title='bbox 1014 2811 1073 2864; x_wconf 81' lang='lat' dir='ltr'><strong>tam</strong></span> 
     </span>
     <span class='ocr_line' id='line_1_29' title="bbox 58 2888 1074 2966; baseline 0.006 -22"><span class='ocrx_word' id='word_1_227' title='bbox 58 2889 224 2949; x_wconf 80' lang='lat' dir='ltr'><strong>manifestum</strong></span> <span class='ocrx_word' id='word_1_228' title='bbox 237 2891 428 2948; x_wconf 87' lang='lat' dir='ltr'><strong>iuisscttuum</strong></span> <span class='ocrx_word' id='word_1_229' title='bbox 446 2895 604 2963; x_wconf 87' lang='lat' dir='ltr'><strong>peccatum.</strong></span> <span class='ocrx_word' id='word_1_230' title='bbox 647 2888 699 2949; x_wconf 91' lang='lat' dir='ltr'><strong>Ille</strong></span> <span class='ocrx_word' id='word_1_231' title='bbox 722 2889 757 2949; x_wconf 90' lang='lat' dir='ltr'><strong>de</strong></span> <span class='ocrx_word' id='word_1_232' title='bbox 778 2894 871 2966; x_wconf 85' lang='lat' dir='ltr'><strong>gratia</strong></span> <span class='ocrx_word' id='word_1_233' title='bbox 892 2891 946 2950; x_wconf 91' lang='lat' dir='ltr'><strong>sibi</strong></span> <span class='ocrx_word' id='word_1_234' title='bbox 970 2891 1074 2951; x_wconf 88' lang='lat' dir='ltr'><strong>collata</strong></span> 
     </span>
     <span class='ocr_line' id='line_1_30' title="bbox 59 2974 1074 3054; baseline 0.007 -23"><span class='ocrx_word' id='word_1_235' title='bbox 59 2975 158 3054; x_wconf 82' lang='lat' dir='ltr'><strong>indigue</strong></span> <span class='ocrx_word' id='word_1_236' title='bbox 177 2977 309 3054; x_wconf 85' lang='lat' dir='ltr'><strong>glorians,</strong></span> <span class='ocrx_word' id='word_1_237' title='bbox 329 2993 363 3035; x_wconf 92' lang='lat' dir='ltr'><strong>eo</strong></span> <span class='ocrx_word' id='word_1_238' title='bbox 385 2974 540 3051; x_wconf 88' lang='lat' dir='ltr'><strong>quodiam</strong></span> <span class='ocrx_word' id='word_1_239' title='bbox 562 2975 738 3035; x_wconf 88' lang='lat' dir='ltr'><strong>voluntatem</strong></span> <span class='ocrx_word' id='word_1_240' title='bbox 757 2976 913 3037; x_wconf 81' lang='lat' dir='ltr'><strong>fornicandi</strong></span> <span class='ocrx_word' id='word_1_241' title='bbox 933 2996 998 3038; x_wconf 92' lang='lat' dir='ltr'><strong>cum</strong></span> <span class='ocrx_word' id='word_1_242' title='bbox 1025 2978 1074 3038; x_wconf 87' lang='lat' dir='ltr'><strong>illa</strong></span> 
     </span>
     <span class='ocr_line' id='line_1_31' title="bbox 60 3062 1073 3140; baseline 0.01 -23"><span class='ocrx_word' id='word_1_243' title='bbox 60 3065 228 3140; x_wconf 87' lang='lat' dir='ltr'><strong>concepisset,</strong></span> <span class='ocrx_word' id='word_1_244' title='bbox 248 3078 335 3122; x_wconf 88' lang='lat' dir='ltr'><strong>manu</strong></span> <span class='ocrx_word' id='word_1_245' title='bbox 350 3079 455 3139; x_wconf 87' lang='lat' dir='ltr'><strong>aquam</strong></span> <span class='ocrx_word' id='word_1_246' title='bbox 470 3062 592 3122; x_wconf 89' lang='lat' dir='ltr'><strong>fluminis</strong></span> <span class='ocrx_word' id='word_1_247' title='bbox 612 3065 759 3138; x_wconf 86' lang='lat' dir='ltr'><strong>percussit,</strong></span> <span class='ocrx_word' id='word_1_248' title='bbox 780 3070 809 3122; x_wconf 91' lang='lat' dir='ltr'><strong>et</strong></span> <span class='ocrx_word' id='word_1_249' title='bbox 829 3067 883 3123; x_wconf 88' lang='lat' dir='ltr'><strong>ait:</strong></span> <span class='ocrx_word' id='word_1_250' title='bbox 903 3064 979 3125; x_wconf 83' lang='lat' dir='ltr'><strong>Ecce</strong></span> <span class='ocrx_word' id='word_1_251' title='bbox 1008 3073 1073 3127; x_wconf 82' lang='lat' dir='ltr'><strong>tan-</strong></span> 
     </span>
     <span class='ocr_line' id='line_1_32' title="bbox 60 3147 1073 3230; baseline 0.008 -26"><span class='ocrx_word' id='word_1_252' title='bbox 60 3153 109 3207; x_wconf 87' lang='lat' dir='ltr'><strong>tun</strong></span> <span class='ocrx_word' id='word_1_253' title='bbox 129 3150 195 3209; x_wconf 91' lang='lat' dir='ltr'><strong>mihi</strong></span> <span class='ocrx_word' id='word_1_254' title='bbox 216 3147 340 3230; x_wconf 84' lang='lat' dir='ltr'><strong>nocuit²)</strong></span> <span class='ocrx_word' id='word_1_255' title='bbox 362 3152 433 3227; x_wconf 85' lang='lat' dir='ltr'><strong>iguis</strong></span> <span class='ocrx_word' id='word_1_256' title='bbox 454 3149 510 3209; x_wconf 85' lang='lat' dir='ltr'><strong>illc.</strong></span> <span class='ocrx_word' id='word_1_257' title='bbox 551 3149 626 3210; x_wconf 85' lang='lat' dir='ltr'><strong>Mira</strong></span> <span class='ocrx_word' id='word_1_258' title='bbox 646 3150 703 3208; x_wconf 91' lang='lat' dir='ltr'><strong>Dei</strong></span> <span class='ocrx_word' id='word_1_259' title='bbox 727 3152 842 3210; x_wconf 87' lang='lat' dir='ltr'><strong>iustitia.</strong></span> <span class='ocrx_word' id='word_1_260' title='bbox 886 3149 941 3228; x_wconf 84' lang='lat' dir='ltr'><strong>Qui</strong></span> <span class='ocrx_word' id='word_1_261' title='bbox 963 3155 1073 3214; x_wconf 86' lang='lat' dir='ltr'><strong>miseri-</strong></span> 
     </span>
     <span class='ocr_line' id='line_1_33' title="bbox 62 3235 1073 3317; baseline 0.011 -29"><span class='ocrx_word' id='word_1_262' title='bbox 62 3235 168 3296; x_wconf 84' lang='lat' dir='ltr'><strong>corditer</strong></span> <span class='ocrx_word' id='word_1_263' title='bbox 187 3239 375 3313; x_wconf 89' lang='lat' dir='ltr'><strong>poeniteutcm</strong></span> <span class='ocrx_word' id='word_1_264' title='bbox 397 3237 557 3312; x_wconf 89' lang='lat' dir='ltr'><strong>custodivit,</strong></span> <span class='ocrx_word' id='word_1_265' title='bbox 577 3239 651 3296; x_wconf 90' lang='lat' dir='ltr'><strong>iuste</strong></span> <span class='ocrx_word' id='word_1_266' title='bbox 673 3243 701 3295; x_wconf 90' lang='lat' dir='ltr'><strong>ct</strong></span> <span class='ocrx_word' id='word_1_267' title='bbox 722 3237 890 3298; x_wconf 87' lang='lat' dir='ltr'><strong>miraculose</strong></span> <span class='ocrx_word' id='word_1_268' title='bbox 911 3241 994 3299; x_wconf 90' lang='lat' dir='ltr'><strong>nimis</strong></span> <span class='ocrx_word' id='word_1_269' title='bbox 1017 3259 1073 3317; x_wconf 92' lang='lat' dir='ltr'><strong>pu-</strong></span> 
     </span>
    </p>

    <p class='ocr_par' dir='ltr' id='par_1_6' title="bbox 20 3321 1159 3488">
     <span class='ocr_line' id='line_1_34' title="bbox 20 3321 1074 3400; baseline 0.002 -18"><span class='ocrx_word' id='word_1_270' title='bbox 20 3379 21 3382; x_wconf 63' lang='lat'><strong>,</strong></span> <span class='ocrx_word' id='word_1_271' title='bbox 61 3321 120 3380; x_wconf 80' lang='lat' dir='ltr'><strong>civit</strong></span> <span class='ocrx_word' id='word_1_272' title='bbox 138 3323 347 3383; x_wconf 86' lang='lat' dir='ltr'><strong>recidivautem.</strong></span> <span class='ocrx_word' id='word_1_273' title='bbox 389 3323 459 3382; x_wconf 88' lang='lat' dir='ltr'><strong>Mox</strong></span> <span class='ocrx_word' id='word_1_274' title='bbox 477 3331 509 3382; x_wconf 92' lang='lat' dir='ltr'><strong>ut</strong></span> <span class='ocrx_word' id='word_1_275' title='bbox 530 3341 635 3399; x_wconf 88' lang='lat' dir='ltr'><strong>aquam</strong></span> <span class='ocrx_word' id='word_1_276' title='bbox 656 3324 755 3400; x_wconf 84' lang='lat' dir='ltr'><strong>tetigit,</strong></span> <span class='ocrx_word' id='word_1_277' title='bbox 777 3324 902 3385; x_wconf 88' lang='lat' dir='ltr'><strong>candens</strong></span> <span class='ocrx_word' id='word_1_278' title='bbox 924 3328 949 3386; x_wconf 92' lang='lat' dir='ltr'><strong>ei</strong></span> <span class='ocrx_word' id='word_1_279' title='bbox 970 3327 1074 3387; x_wconf 81' lang='lat' dir='ltr'><strong>serrum</strong></span> 
     </span>
     <span class='ocr_line' id='line_1_35' title="bbox 63 3405 1159 3488; baseline 0.011 -27"><span class='ocrx_word' id='word_1_280' title='bbox 63 3421 126 3480; x_wconf 82' lang='lat' dir='ltr'><strong>aqna</strong></span> <span class='ocrx_word' id='word_1_281' title='bbox 154 3410 214 3468; x_wconf 86' lang='lat' dir='ltr'><strong>init.</strong></span> <span class='ocrx_word' id='word_1_282' title='bbox 263 3405 390 3488; x_wconf 70' lang='lat' dir='ltr'><strong>Qmm‘)</strong></span> <span class='ocrx_word' id='word_1_283' title='bbox 420 3411 514 3468; x_wconf 85' lang='lat' dir='ltr'><strong>statim</strong></span> <span class='ocrx_word' id='word_1_284' title='bbox 545 3427 610 3470; x_wconf 91' lang='lat' dir='ltr'><strong>cum</strong></span> <span class='ocrx_word' id='word_1_285' title='bbox 638 3410 762 3470; x_wconf 87' lang='lat' dir='ltr'><strong>clamore</strong></span> <span class='ocrx_word' id='word_1_286' title='bbox 790 3411 885 3473; x_wconf 84' lang='lat' dir='ltr'><strong>valido</strong></span> <span class='ocrx_word' id='word_1_287' title='bbox 914 3415 1074 3485; x_wconf 88' lang='lat' dir='ltr'><strong>retrahens,</strong></span> <span class='ocrx_word' id='word_1_288' title='bbox 1156 3425 1159 3436; x_wconf 84' lang='grc'><em>“</em></span> 
     </span>
    </p>

    <p class='ocr_par' dir='ltr' id='par_1_7' title="bbox 21 3492 1076 3736">
     <span class='ocr_line' id='line_1_36' title="bbox 21 3492 1076 3575; baseline 0.008 -25"><span class='ocrx_word' id='word_1_289' title='bbox 21 3501 23 3561; x_wconf 60' lang='lat' dir='ltr'><strong>l</strong></span> <span class='ocrx_word' id='word_1_290' title='bbox 63 3492 150 3562; x_wconf 85' lang='lat' dir='ltr'><strong>pcllcm</strong></span> <span class='ocrx_word' id='word_1_291' title='bbox 172 3495 275 3554; x_wconf 88' lang='lat' dir='ltr'><strong>dimisit</strong></span> <span class='ocrx_word' id='word_1_292' title='bbox 293 3498 323 3554; x_wconf 88' lang='lat' dir='ltr'><strong>in</strong></span> <span class='ocrx_word' id='word_1_293' title='bbox 345 3512 434 3571; x_wconf 71' lang='lat' dir='ltr'><strong>aqua,</strong></span> <span class='ocrx_word' id='word_1_294' title='bbox 469 3499 563 3556; x_wconf 85' lang='lat' dir='ltr'><strong>omnia</strong></span> <span class='ocrx_word' id='word_1_295' title='bbox 586 3499 660 3557; x_wconf 86' lang='lat' dir='ltr'><strong>circa</strong></span> <span class='ocrx_word' id='word_1_296' title='bbox 682 3515 712 3557; x_wconf 85' lang='lat' dir='ltr'><strong>se</strong></span> <span class='ocrx_word' id='word_1_297' title='bbox 733 3505 816 3575; x_wconf 85' lang='lat' dir='ltr'><strong>gesta</strong></span> <span class='ocrx_word' id='word_1_298' title='bbox 837 3502 915 3560; x_wconf 89' lang='lat' dir='ltr'><strong>socio</strong></span> <span class='ocrx_word' id='word_1_299' title='bbox 937 3501 1076 3572; x_wconf 87' lang='lat' dir='ltr'><strong>reserens,</strong></span> 
     </span>
     <span class='ocr_line' id='line_1_37' title="bbox 64 3581 1075 3657; baseline 0.005 -20"><span class='ocrx_word' id='word_1_300' title='bbox 64 3593 115 3640; x_wconf 81' lang='lat' dir='ltr'><strong>seru</strong></span> <span class='ocrx_word' id='word_1_301' title='bbox 142 3581 241 3656; x_wconf 80' lang='lat' dir='ltr'><strong>ductus</strong></span> <span class='ocrx_word' id='word_1_302' title='bbox 265 3589 309 3642; x_wconf 89' lang='lat' dir='ltr'><strong>cst</strong></span> <span class='ocrx_word' id='word_1_303' title='bbox 329 3584 510 3657; x_wconf 88' lang='lat' dir='ltr'><strong>poenitentia.</strong></span> <span class='ocrx_word' id='word_1_304' title='bbox 552 3581 617 3642; x_wconf 90' lang='lat' dir='ltr'><strong>Non</strong></span> <span class='ocrx_word' id='word_1_305' title='bbox 640 3583 783 3644; x_wconf 85' lang='lat' dir='ltr'><strong>discordat</strong></span> <span class='ocrx_word' id='word_1_306' title='bbox 803 3587 841 3645; x_wconf 88' lang='lat' dir='ltr'><strong>ab</strong></span> <span class='ocrx_word' id='word_1_307' title='bbox 863 3587 918 3646; x_wconf 90' lang='lat' dir='ltr'><strong>hoc</strong></span> <span class='ocrx_word' id='word_1_308' title='bbox 940 3585 1075 3645; x_wconf 87' lang='lat' dir='ltr'><strong>miraculo</strong></span> 
     </span>
     <span class='ocr_line' id='line_1_38' title="bbox 66 3667 944 3736; baseline 0.006 -12"><span class='ocrx_word' id='word_1_309' title='bbox 66 3667 128 3736; x_wconf 83' lang='lat' dir='ltr'><strong>quod</strong></span> <span class='ocrx_word' id='word_1_310' title='bbox 148 3668 303 3730; x_wconf 88' lang='lat' dir='ltr'><strong>monachus</strong></span> <span class='ocrx_word' id='word_1_311' title='bbox 323 3676 419 3728; x_wconf 89' lang='lat' dir='ltr'><strong>noster</strong></span> <span class='ocrx_word' id='word_1_312' title='bbox 439 3668 611 3728; x_wconf 90' lang='lat' dir='ltr'><strong>Lambertus</strong></span> <span class='ocrx_word' id='word_1_313' title='bbox 633 3673 751 3730; x_wconf 87' lang='lat' dir='ltr'><strong>recitare</strong></span> <span class='ocrx_word' id='word_1_314' title='bbox 772 3671 871 3730; x_wconf 89' lang='lat' dir='ltr'><strong>solitus</strong></span> <span class='ocrx_word' id='word_1_315' title='bbox 893 3680 944 3731; x_wconf 85' lang='lat' dir='ltr'><strong>est.</strong></span> 
     </span>
    </p>
   </div>
   <div class='ocr_carea' id='block_1_4' title="bbox 83 3849 916 3923">
    <p class='ocr_par' dir='ltr' id='par_1_8' title="bbox 83 3849 916 3923">
     <span class='ocr_line' id='line_1_39' title="bbox 83 3849 916 3923; baseline 0 -18"><span class='ocrx_word' id='word_1_316' title='bbox 83 3849 106 3917; x_wconf 80' lang='lat' dir='ltr'><strong>l)</strong></span> <span class='ocrx_word' id='word_1_317' title='bbox 121 3853 140 3905; x_wconf 90' lang='lat' dir='ltr'>B</span> <span class='ocrx_word' id='word_1_318' title='bbox 157 3871 284 3922; x_wconf 83' lang='lat' dir='ltr'><strong>pancos.</strong></span> <span class='ocrx_word' id='word_1_319' title='bbox 307 3885 334 3895; x_wconf 91' lang='lat'><em>-</em></span> <span class='ocrx_word' id='word_1_320' title='bbox 355 3855 386 3923; x_wconf 82' lang='lat'><strong>2)</strong></span> <span class='ocrx_word' id='word_1_321' title='bbox 405 3853 469 3908; x_wconf 85' lang='lat' dir='ltr'><strong>CEF</strong></span> <span class='ocrx_word' id='word_1_322' title='bbox 489 3855 596 3906; x_wconf 88' lang='lat' dir='ltr'><strong>nocuit</strong></span> <span class='ocrx_word' id='word_1_323' title='bbox 615 3855 697 3908; x_wconf 86' lang='lat' dir='ltr'><strong>mihi.</strong></span> <span class='ocrx_word' id='word_1_324' title='bbox 717 3885 748 3892; x_wconf 92' lang='lat'>-</span> <span class='ocrx_word' id='word_1_325' title='bbox 767 3855 798 3922; x_wconf 89' lang='grc'><strong>3)</strong></span> <span class='ocrx_word' id='word_1_326' title='bbox 816 3856 837 3907; x_wconf 83' lang='grc' dir='ltr'>Ε</span> <span class='ocrx_word' id='word_1_327' title='bbox 856 3858 916 3923; x_wconf 91' lang='lat' dir='ltr'><strong>qui.</strong></span> 
     </span>
    </p>
   </div>
   <div class='ocr_carea' id='block_1_5' title="bbox 0 0 1274 4254">
    <p class='ocr_par' dir='ltr' id='par_1_9' title="bbox 0 0 1274 4254">
     <span class='ocr_line' id='line_1_40' title="bbox 0 0 1274 4254; baseline 0 0"><span class='ocrx_word' id='word_1_328' title='bbox 0 0 1274 4254; x_wconf 95' lang='lat' dir='ltr'><strong> </strong></span> 
     </span>
    </p>
   </div>
  </div>
 </body>
</html>
