2506 4254
174 263 236 322 raa
295 205 298 212 ¹
485 256 715 324 onumemo
737 257 895 322 oscum

173 399 232 443 non
259 385 355 457 potest
366 375 384 461 ¹)
404 383 593 457 prosperitas,
621 399 716 458 neque
736 383 866 459 frangere
887 379 1063 456 adversm,
1089 379 1145 442 sinc
1162 377 1191 440 de

173 485 298 545 pemcna
311 484 376 526 mea
389 470 435 542 sit,
455 470 517 528 sive
538 465 602 549 de²)
624 469 753 529 aliomm.
796 469 937 528 (inicum
959 468 1078 528 dixisset
1096 467 1191 542 Abba,

175 570 232 616 non
259 561 287 613 te
315 551 471 635 turbavit⁸)
500 554 579 631 quod
605 555 687 614 miles
716 555 780 614 talis
802 571 893 631 nuper
913 555 1063 632 grangiam
1082 561 1191 614 nosbau

174 639 320 702 incendit?
341 642 503 717 respondit.
523 641 598 702 Non.
629 641 736 702 Totum
754 643 829 702 euim
842 642 908 701 Deo
931 642 1069 703 commisi.
1098 640 1191 701 Simo·

175 727 271 789 dicum
294 726 404 803 habeo,
437 745 503 787 cum
529 729 684 804 gratiarum
706 731 818 788 actione
839 725 991 808 recipi0⁴);
1020 730 1045 787 si
1073 727 1190 801 multum,

125 859 127 867 r
175 817 278 875 iterum
299 816 406 890 gratias
428 831 493 892 ago.
535 815 574 873 Et
582 811 602 894 ⁸)
625 818 759 892 cognovit
779 813 882 876 Abbas
903 814 981 890 quod
1004 831 1091 874 causa
1109 818 1191 874 tanae

175 903 287 962 virtutis
322 907 398 962 esset
424 918 506 961 amor
532 891 606 976 Dei,
642 908 671 960 ct
699 908 878 977 contemptus
904 918 999 960 rerum
1027 907 1192 961 terrenarum.

175 988 299 1050 Sanctae
319 989 448 1062 virtutes,
473 986 545 1048 fides
565 985 707 1064 videlieet,
728 1005 804 1065 spes,
825 991 937 1063 caritas,
957 990 1074 1063 iustitia,
1092 985 1193 1046 humili·

174 1081 228 1150 tas,
250 1073 421 1149 obedientia,
441 1073 520 1134 aelus
543 1074 715 1152 disciplinae,
736 1082 824 1152 atque
847 1070 1016 1151 ccm‘paaaio,
1037 1091 1120 1152 saepe
1138 1073 1193 1151 glo·

174 1163 216 1222 ria
237 1161 438 1222 miraculorum
458 1167 687 1238 remunerantur,
716 1163 790 1223 sicut
809 1161 1052 1238 subsequentibus
1073 1159 1193 1238 exemplis

175 1247 344 1308 declaratum.

531 1436 763 1500 CAPITULUM
780 1439 849 1502 VII.
954 1499 957 1506 .

175 1556 223 1618 De
250 1561 359 1620 natica
389 1557 509 1635 fornaci
529 1563 561 1618 tc
583 1559 780 1619 chcrsbceb
804 1563 917 1620 incluso
943 1567 975 1621 'et
993 1579 1048 1638 pcc
1074 1564 1192 1621 samiam
1246 1597 1247 1610 2

540 1646 689 1706 Jacobram
710 1646 842 1707 liberato.

239 1765 331 1827 Juxta
361 1765 509 1827 Coloniam
545 1767 619 1828 duae
653 1769 851 1845 generationes
882 1770 1053 1830 rusticorum
1078 1768 1147 1826 inter
1169 1780 1193 1823 se

175 1871 279 1932 greum
301 1856 369 1914 satis
395 1855 554 1915 inimicitias
576 1845 756 1934 exercebant
798 1855 843 1914 Ex
864 1857 968 1931 quibus
990 1873 1049 1916 una
1068 1854 1193 1924 infirmior,
1246 1915 1247 1918 ,

164 1942 205 2020 ¹ia
241 1947 366 2000 castrum
398 1943 525 2000 vicinam
553 1938 781 2022 Hemersbach⁶)
816 1959 847 2001 se
875 1941 1028 2002 transtulit
1076 1939 1123 2000 De
1148 1953 1192 2015 que

174 2033 286 2104 partem
314 2027 466 2088 adversam
494 2029 563 2088 satis
592 2028 793 2104 damnificans,
821 2045 886 2088 cum
908 2028 953 2088 die
976 2027 1100 2106 quadam
1120 2041 1193 2086 naam

177 2131 213 2174 ex
240 2116 280 2174 eis
309 2117 466 2192 cepissent,
492 2114 622 2175 volentes
651 2121 707 2175 tres
730 2133 765 2175 ex
788 2116 828 2175 eis
848 2118 987 2192 pecuniae
1008 2110 1141 2194 aliquid')
1162 2107 1191 2170 ab
1245 2193 1246 2198 γ

175 2199 223 2261 illo
254 2209 437 2278 extorquere,
471 2200 618 2261 dicebant:
647 2201 678 2262 Si
706 2219 764 2260 non
793 2201 905 2264 dederis
932 2203 1016 2262 nobis
1043 2203 1192 2279 pecuariam,

175 2290 327 2365 puniemus
355 2294 393 2347 tc.
444 2287 555 2364 Quibus
583 2288 630 2347 ille
658 2288 818 2364 respondite
845 2289 917 2351 Tres
938 2285 1071 2370 obulosr)
1098 2285 1191 2356 habeo,

176 2376 260 2435 emite
283 2392 318 2433 cx
341 2377 382 2433 eis
403 2391 511 2435 cuneos
519 2371 540 2454 ⁹)
563 2381 591 2434 et
613 2376 766 2450 comedite,
796 2375 863 2451 quia
883 2375 953 2435 nihil
974 2375 1096 2452 amplius
1114 2371 1191 2433 babe-

175 2461 251 2520 bitis.
293 2460 451 2538 Fidemque
465 2461 575 2522 habens
588 2459 697 2522 in'Deo
716 2468 745 2522 et
760 2464 789 2520 in
808 2469 908 2523 sancto
930 2461 1055 2538 Jacobc,
1073 2459 1191 2522 subiecit:

176 2547 309 2624 Quinque
338 2565 448 2607 marcas
478 2547 555 2606 domi
574 2548 678 2608 babeo
707 2551 736 2607 in
765 2549 836 2608 cista
864 2566 943 2624 mea,
973 2555 1002 2608 et
1023 2548 1191 2610 calciamenta

174 2650 266 2710 nova,
288 2634 392 2710 quibus
419 2633 517 2694 limina
544 2641 641 2710 petam
670 2636 761 2694 sancti
787 2634 908 2712 iacobi,
935 2653 995 2695 non
1023 2635 1106 2696 vobis
1127 2632 1190 2692 dabo
1243 2707 1244 2710 Ἴ

174 2720 252 2781 illam
273 2723 433 2796 pecuniam.
474 2721 509 2779 In
532 2721 578 2780 die
600 2724 692 2781 sancti
712 2721 852 2806 Stephani
871 2723 1051 2799 proiecturus
1071 2740 1145 2796 sum,
1169 2722 1191 2776 ct

173 2815 240 2868 ante
262 2815 356 2868 ortum
378 2806 434 2868 diei
446 2805 477 2888 ¹⁰)
504 2825 523 2868 a
548 2808 631 2868 vobis
659 2824 832 2868 recessurus.
880 2808 1052 2870 Mirantibus
1079 2810 1117 2868 eis
1135 2821 1191 2866 ver·

172 2891 276 2954 borum
302 2895 362 2955 eius
380 2896 577 2969 constantiam,
598 2895 669 2954 duos
684 2891 713 2975 ¹¹)
732 2894 773 2954 illi
790 2895 942 2972 compedes
958 2897 1149 2972 imposuerrmt
1160 2885 1190 2970 ¹¹),
1242 2901 1243 2940 t

175 2988 205 3040 et
225 2984 254 3039 in
265 2983 409 3040 fornacem
423 2980 503 3040 illum
516 2981 668 3056 mittentes,
690 2985 755 3041 octo
776 2983 854 3042 viros
874 2989 960 3043 nocte
980 2983 1029 3044 illa
1050 2979 1086 3042 ad
1107 2983 1190 3041 casb-

134 3131 136 3138 ¹
175 3064 251 3126 diam
279 3070 305 3126 ei
322 3065 351 3148 ¹³)
380 3067 596 3144 deputaverunt
641 3068 734 3144 Quem
765 3068 853 3129 semel
881 3087 916 3131 ac
937 3069 1064 3130 secunde
1084 3071 1191 3127 interro·
1241 3119 1242 3180 ¹

174 3160 283 3230 gentes,
303 3161 399 3214 utrum
420 3155 515 3215 adhuc
536 3155 577 3214 ibi
598 3161 686 3232 esset;
709 3161 738 3215 ct
756 3153 804 3215 ille
825 3161 869 3216 tot
881 3155 993 3216 vicibus
1007 3153 1192 3234 respondisset
1241 3181 1242 3210 r

170 3236 259 3328 etiam
285 3239 379 3301 adhuc
407 3259 471 3300 sum
501 3241 561 3318 bic;
595 3243 679 3302 tertio
701 3241 802 3303 eadem
830 3242 1042 3304 sciscitantibus
1068 3240 1134 3302 nibil
1151 3255 1191 3298 re-
1241 3243 1242 3334 )

191 3425 221 3492 1)
239 3422 280 3477 GP
296 3441 358 3477 aon
376 3436 489 3494 potest
506 3426 676 3481 extollere.
692 3457 722 3468 -
738 3427 770 3496 2]
788 3427 826 3500 de
844 3427 894 3481 add
911 3427 986 3481 ABE.
1000 3458 1031 3469 -
1044 3429 1075 3498 3)
1091 3427 1111 3480 B
1128 3440 1191 3478 cca·

241 3493 395 3548 turbavit.
414 3525 443 3536 -
464 3497 496 3566 4)
515 3495 533 3549 Ρ
557 3497 686 3551 actione
709 3498 849 3566 accipio,
876 3497 897 3550 b
919 3500 1047 3566 accipio
1063 3495 1191 3550 actione.

241 3591 272 3604 -
292 3565 324 3632 5)
342 3564 362 3617 Β
379 3574 463 3618 tunc.
481 3595 514 3606 -··
532 3567 565 3635 6)
589 3567 796 3632 flemmarsbaeh,
818 3569 887 3620 iuxta
909 3567 1100 3632 Bottenbroieb,
1120 3577 1191 3634 propt

239 3633 382 3703 bergheim.
401 3664 432 3676 -
452 3636 484 3703 7]
502 3635 544 3688 BD
561 3635 684 3704 aliquid
703 3639 870 3705 pecuniae.
890 3667 921 3678 -
940 3638 973 3707 8)
991 3637 1012 3691 C
1029 3635 1147 3692 abolet.
1164 3661 1189 3674 ·-

239 3704 271 3772 9)
288 3721 398 3770 cuneus,
421 3707 518 3772 speeies
540 3705 581 3758 vei
599 3706 680 3758 torma
696 3709 778 3774 panis.
796 3736 828 3747 -
848 3707 896 3775 10)
913 3706 933 3759 B
957 3707 1046 3760 solis.
1064 3735 1094 3747 -
1113 3700 1191 3788 103

238 3773 994 3911 curcemarcuerant>*¹³⁸³
1015 3773 1191 3830 Μ
