2524 4252
402 272 457 334 nn
481 227 762 337 mosmormos.
1034 273 1095 334 aas

77 394 126 454 eit:
146 391 199 472 Qui
221 391 292 453 dixit
311 391 421 454 Mariae
442 393 642 470 magdalenae,
673 394 793 453 dimisso
813 401 884 454 sunt
906 393 957 453 tibi
976 401 1097 470 peccato

78 486 133 553 tao,
151 483 210 556 ipse
230 479 347 543 vincula
366 484 417 540 tna
438 478 550 557 dirupit.
592 480 696 557 Sieqne
720 479 867 540 consolata
888 486 939 540 est.
980 479 1097 540 NOVI·

77 563 170 626 clue:
191 566 222 627 Si
243 583 301 642 qua
322 565 416 628 adhuc
437 566 551 626 residua
573 573 640 628 sunt
661 565 696 627 de
717 572 808 626 morte
830 568 977 643 iustorum,
1000 573 1033 624 ut
1045 583 1097 626 ex-

75 651 204 730 plicentur
225 669 320 712 exoro.
361 651 593 714 MONACHUS:
624 653 774 730 Quaedam
802 647 855 712 tibi
878 653 974 714 adhuc
995 653 1031 712 de
1052 653 1097 734 his

75 738 242 818 scloamir
263 740 366 816 quibus
388 739 541 800 consoleris
563 739 648 800 simul
670 746 699 818 et
719 741 857 800 terrearis.

406 929 639 991 CAPITULUM
660 929 766 990 XXX.
815 922 816 926 ’

227 1050 276 1111 De
295 1057 391 1110 moria
413 1048 579 1110 demones·
600 1049 723 1110 Abbatis
746 1049 932 1150 §tardarant

130 1169 204 1231 Ante
224 1172 281 1232 hcc
309 1171 525 1248 quadriennium
547 1169 732 1232 Gerbrandus
752 1171 855 1233 Abbas
878 1172 1048 1249 claricampi
1068 1174 1097 1230 in

73 1253 173 1332 sem,
200 1274 265 1318 eum
285 1257 401 1319 Abbate
430 1264 527 1333 nostro
550 1257 586 1318 de
618 1258 749 1335 Capitulo
771 1259 883 1320 rediens
904 1257 1047 1336 generali,
1067 1262 1097 1317 in

73 1343 116 1403 vie
135 1343 267 1405 infirmari
289 1347 396 1420 coepit,
424 1346 465 1404 ita
493 1351 526 1404 ut
547 1362 613 1405 cum
644 1347 769 1406 maximo
791 1346 889 1406 labore
910 1341 1096 1425 Foniecum¹)

72 1431 232 1506 perveniret.
288 1431 391 1508 Ibique
419 1431 494 1491 diem
523 1430 625 1492 clausit
653 1438 819 1492 extremum.
852 1433 907 1491 .In
934 1435 999 1508 ipsa
1026 1432 1098 1492 hora

72 1517 253 1593 mordacius,
274 1517 496 1578 sanctimonialis
518 1517 660 1594 quaedam
683 1518 718 1578 de
739 1519 819 1596 Syon
841 1535 915 1594 quae
930 1519 1032 1578 domus
1054 1524 1098 1578 est

73 1601 171 1662 ordinis
189 1605 280 1664 nostri
308 1603 451 1682 periinere
479 1603 517 1663 ad
539 1604 804 1680 diarumcampum‚
834 1605 911 1665 fecta
936 1608 966 1664 in
994 1593 1097 1665 mentis

73 1703 183 1748 excessu
191 1687 221 1772 ²),
242 1689 316 1751 vidit
336 1693 461 1750 enimam
475 1692 535 1751 eius
550 1692 587 1751 ab
599 1691 708 1767 angelis
728 1693 758 1750 in
770 1691 881 1751 coelum
893 1690 1003 1751 deferri.
1034 1692 1096 1750 Ex-

71 1777 165 1848 pressit
185 1779 272 1837 etiam
294 1776 412 1838 domum
434 1783 463 1837 et
488 1777 584 1837 locum
613 1777 775 1854 sepulturae
798 1781 872 1854 eius,
900 1794 954 1838 nee
981 1794 1040 1838 non
1069 1785 1097 1838 et

72 1858 193 1922 habitum
213 1865 244 1922 in
265 1881 323 1940 quo
343 1863 473 1939 sepultus
502 1872 554 1924 est.
602 1864 683 1924 Vidit
710 1867 827 1941 insuper
852 1867 1009 1924 successori
1036 1867 1096 1923 eins

72 1943 180 2008 Widoni
202 1949 274 2010 duos
297 1949 358 2011 dari
379 1949 516 2028 baculos,
538 1949 644 2011 scilieet
665 1953 760 2028 virgas
781 1951 957 2027 pastorales,
979 1969 1014 2010 ex
1031 1953 1096 2028 qui-

72 2029 120 2093 bns
138 2037 259 2111 primam
280 2037 392 2112 abiecit,
414 2036 533 2096 alteram
554 2040 676 2098 retinnit.
718 2037 801 2098 Idem
821 2039 909 2098 Wido
930 2038 1012 2097 Prior
1031 2038 1095 2098 iue-

71 2127 111 2179 rat
128 2122 157 2180 in
178 2122 381 2200 Clerocampo,
404 2122 443 2183 de
461 2140 519 2201 quo
541 2131 705 2201 assumptus
727 2131 771 2185 est
790 2127 820 2184 in
837 2123 983 2184 Abbatem
1005 2128 1096 2186 saneti

70 2202 208 2268 Bemmdi
250 2208 364 2270 Deinde
385 2215 453 2286 post
472 2211 560 2270 breve
581 2217 694 2288 tempus
715 2217 828 2271 mortuo
850 2207 996 2288 praedicto
1019 2211 1094 2272 Ger·

70 2291 180 2370 boando,
201 2297 251 2372 qui
271 2298 316 2356 vir
335 2297 429 2357 metat
440 2295 630 2373 grandaevus,
650 2300 741 2358 iustus
757 2303 785 2359 et
796 2298 999 2374 disciplinatus,
1013 2297 1096 2358 idem

71 2375 150 2440 Wido
170 2380 289 2442 Abbate
311 2399 376 2443 meo
397 2389 557 2459 praesente,
577 2400 631 2444 neo
652 2402 710 2444 non
733 2391 761 2445 et
782 2402 838 2461 me,
857 2385 950 2444 'factis
972 2391 1015 2446 est
1028 2384 1095 2445 Ab·

70 2463 117 2526 has
137 2466 316 2545 Olaricampi.
357 2469 463 2545 Sicque
484 2470 641 2530 secundum
655 2471 732 2547 quod
755 2470 790 2531 de
808 2471 859 2532 illo
880 2479 1095 2548 praeostensum

69 2548 122 2630 luit,
141 2556 264 2632 primum
284 2555 420 2618 ocimum
441 2557 554 2633 abiecit,
575 2557 696 2618 alterum
717 2557 812 2620 adhuc
833 2561 966 2620 retinens.

390 2745 623 2808 CAPITULUM
643 2747 763 2808 XXXI.

276 2868 440 2928 Damoeta
465 2869 622 2929 Udtlloldis
643 2870 882 2930 sanctimonialis.

124 2985 159 3046 In
178 2985 279 3047 Monte
300 2994 417 3050 sanctae
438 2987 605 3067 walburgis
626 2989 847 3050 sanctimonialis
871 2989 1012 3066 quaedam
1040 2990 1092 3049 luit

70 3065 186 3133 Udellolt
206 3075 337 3151 nomine,
372 3075 477 3136 lemine
505 3076 582 3136 bona
603 3081 632 3138 et
660 3079 729 3136 satis
753 3077 865 3136 fervens
892 3079 922 3135 in
949 3076 1093 3155 religione.
1166 3097 1177 3103 ·

69 3151 142 3220 Haec
154 3178 219 3220 oum
231 3161 289 3221 iem
309 3163 485 3243 agonizaret„
502 3165 576 3223 sicut
596 3163 725 3224 audivia
745 3165 890 3225 sororibus
912 3181 986 3240 qnae
1007 3181 1093 3242 prae·

69 3251 155 3306 sentes
184 3253 279 3323 erant,
308 3265 425 3308 manum
452 3249 579 3309 extendit
606 3256 704 3310 contra
733 3252 837 3310 ostium
866 3249 980 3311 dicens:
1016 3252 1093 3312 Eece

69 3335 180 3394 nuncius
207 3333 264 3393 Dei
292 3333 360 3394 ioris
388 3341 458 3411 stat,
487 3343 654 3412 exspectans
683 3337 808 3396 animam
835 3353 939 3397 meam.
987 3338 1092 3413 Sicqne

68 3426 127 3490 post
145 3419 289 3480 modicum
308 3419 430 3481 reddidit
451 3424 595 3500 spiritum,
616 3424 654 3483 ab
676 3423 778 3484 eodem
799 3424 902 3501 angelo
925 3423 1092 3485 deducenda

68 3500 288 3581 monadicum.
336 3507 402 3568 Hoc
429 3510 514 3569 etiam
540 3511 615 3571 scias
637 3509 715 3588 quod
736 3527 822 3587 saepe
843 3529 862 3572 a
887 3513 1006 3574 mortuis
1032 3511 1092 3569 vivi

69 3598 206 3654 vocantur.
247 3593 338 3654 Verbi
360 3591 485 3678 ωηεν).

86 3823 113 3893 1)
128 3827 168 3882 cs
185 3828 368 3885 Funlacum.
389 3862 422 3874 -
440 3832 473 3903 2)
490 3831 512 3887 F
529 3848 704 3889 excessum.
724 3863 755 3876 -·
774 3834 807 3904 3)
823 3832 888 3921 Blill
905 3832 1020 3902 gratia.
