2608 4252
390 243 444 304 DE
466 241 623 304 SANOTA
639 239 781 302 MARIA.
956 238 959 246 '
1061 238 1101 298 33

89 364 219 426 candiffior
234 372 284 441 est,
304 363 400 426 adhuc
415 367 585 444 eymhicam
605 366 635 422 in
656 363 723 423 loco
741 361 924 438 praecisionis
936 355 953 441 ι)
976 375 1103 420 servans.

87 453 167 598 ξιιίιιε
184 452 317 599 muli
344 454 424 512 testis
453 458 496 512 est
522 454 673 511 universus
695 449 923 509 Clunieeensinm
944 452 1103 508 conventus

115 557 165 616 que
204 557 221 600 o
268 582 275 598 .

399 691 631 757 CAPITULUM
655 692 774 752 XXIV.

86 819 123 878 De
141 819 237 878 Adam
257 818 403 878 mmcacho
425 817 460 875 de
482 815 571 874 hela
589 833 644 890 per
665 821 800 874 eoactum
813 812 947 872 Mariam
969 832 989 871 n
1009 812 1105 872 scema

102 909 195 982 cupitis
215 913 337 980 sanato,
361 911 388 964 et
412 904 448 962 de
468 901 645 962 sanitatibus
667 919 742 990 qnos
765 907 908 976 operatur
927 903 960 959 tn
980 899 1082 959 Monte

209 993 383 1065 Faesulano,
405 997 433 1049 et
456 993 585 1064 intentae
608 991 668 1046 etos
690 987 774 1063 opud
794 987 965 1066 Sardanay.
1104 997 1108 1009 ·

137 1111 230 1172 Adam
245 1111 378 1183 sacerdos
395 1118 424 1172 et
437 1110 595 1170 monachus
615 1112 645 1167 in
659 1109 767 1184 Lueha,
790 1110 870 1167 cuius
887 1125 974 1185 supra
989 1110 1105 1168 memini

85 1199 194 1274 capitulo
217 1197 326 1260 decimo
349 1201 484 1275 septimo,
510 1196 692 1256 considerans
713 1213 760 1256 me
780 1197 810 1254 in
831 1194 994 1256 huiusmodi
1015 1197 1105 1256 mire·

84 1285 144 1344 culis
164 1285 304 1361 delectari,
325 1301 361 1346 ex
381 1285 472 1344 multa
486 1287 602 1344 caritate
624 1283 694 1341 mihi
716 1282 752 1342 de
774 1299 804 1342 se
826 1284 888 1358 ipso
910 1282 1006 1342 retulit
1028 1281 1105 1357 quod

84 1371 196 1432 lichnus
218 1391 289 1434 sum.
333 1372 420 1447 Cum,
443 1374 548 1448 inquit,
570 1387 662 1430 essem
684 1387 770 1446 puer,
792 1372 831 1428 ita
854 1375 940 1445 caput
960 1370 1106 1429 habebam

84 1460 241 1534 scabiosmn,
261 1466 294 1520 nt
314 1476 383 1536 prae
404 1459 512 1519 foetore
534 1449 781 1534 putredinis'eius
802 1474 916 1515 mecum
936 1456 1037 1516 sedere
1058 1457 1106 1521 vel

83 1543 195 1628 legerc²)
219 1547 362 1607 scholares
382 1551 554 1606 recusarent.
596 1545 695 1603 Prima
715 1545 804 1602 oratic
828 1561 914 1619 quam
936 1543 1034 1619 didici,
1056 1561 1105 1602 sa-

84 1630 169 1694 lutatio
191 1641 252 1695 erat
273 1633 417 1710 angelica,
449 1633 544 1692 adhue
572 1630 707 1708 puerulus
737 1633 805 1689 satis
830 1647 894 1689 eam
915 1630 1106 1705 frequentans.

85 1718 147 1778 Cum
171 1721 248 1798 apud
269 1721 476 1780 Monasterium
496 1719 665 1778 Westlaliae
693 1719 803 1793 positus
831 1718 948 1776 fuissem
969 1717 1009 1776 ad
1028 1717 1107 1778 litte-

85 1823 130 1881 ras,
149 1815 176 1867 et
189 1807 283 1868 eundo
306 1806 344 1866 ad
357 1807 470 1866 scholas
492 1809 552 1865 sive
574 1805 611 1864 ad
626 1807 790 1880 matutinas,
811 1804 936 1880 quotidie
958 1807 1107 1864 transirem

85 1909 126 1966 per
138 1895 278 1970 quandam
293 1893 442 1954 ecclesiam
465 1893 682 1956 conventualem
704 1909 740 1950 ex
760 1894 931 1951 necessitate
951 1893 1025 1967 viae,
1046 1894 1107 1952 sine

84 1979 275 2042 intermissione
297 1988 363 2042 ante
385 1983 538 2040 oratorium
560 1982 588 2041 iu
610 1979 717 2038 honore
735 1978 792 2037 Dei
817 1977 968 2038 Genitricis
990 1977 1107 2038 dedica-

86 2069 143 2143 tum,
163 2086 228 2128 cum
249 2067 340 2128 tribus
362 2069 450 2129 veniis
472 2066 590 2127 totidem
611 2066 666 2124 feci
682 2065 876 2125 salutationes.
919 2065 1011 2142 Nocte
1033 2082 1108 2142 qua-

85 2149 141 2214 dem
153 2154 310 2234 putansfad
324 2157 477 2214 matutinas
497 2155 585 2212 luisse
607 2153 824 2228 compulsatum,
846 2154 954 2211 surrexi
975 2158 1108 2227 tremens,

85 2245 109 2297 et
127 2258 189 2302 cum
208 2245 352 2303 venissem
373 2240 411 2301 ad
432 2243 489 2300 iam
512 2240 619 2300 dictum
640 2242 858 2314 monasterinm,
887 2245 1019 2315 essetque
1041 2255 1107 2300 ore·

84 2329 174 2388 tarium
187 2330 325 2404 clausum,
345 2330 436 2388 tribus
453 2329 564 2387 vicibus
578 2325 735 2386 secundum
757 2324 993 2386 consuetudinem
1013 2338 1109 2404 genua

84 2411 210 2477 flectendo
223 2417 380 2476 Dominam
401 2421 528 2474 nostram
549 2413 678 2490 angelico
700 2414 840 2473 versiculo
862 2412 993 2474 salutavi.
1036 2413 1108 2474 Sur·

84 2515 144 2572 gens
170 2521 254 2578 vero,
285 2505 386 2562 inveni
403 2503 506 2561 ostium
527 2507 672 2577 apertum,
705 2506 734 2559 et
754 2507 835 2560 tenta
856 2507 917 2560 erat
937 2503 967 2560 in
988 2501 1109 2563 ecelesia

85 2583 195 2667 cinnes,
215 2596 248 2649 ut
264 2589 366 2667 fulgori
387 2590 541 2649 meridiano
555 2587 775 2647 assimularetur.
819 2587 915 2664 Quam
936 2605 1002 2648 cum
1016 2592 1109 2665 stupi-

85 2669 131 2732 dus
155 2678 317 2749 intrassem,
345 2675 405 2735 vidi
433 2683 499 2735 ante
521 2678 612 2736 mains
634 2673 723 2733 altare
745 2680 855 2750 septem
876 2680 1021 2735 matronas
1041 2674 1109 2752 pul-

85 2757 225 2824 cherrimas
241 2763 405 2840 residentes,
425 2780 512 2838 unam
526 2764 556 2821 in
576 2761 679 2836 medio,
701 2779 775 2836 qnae
797 2764 897 2821 ceteris
919 2760 1020 2822 clarior
1041 2770 1109 2837 erat,

85 2851 109 2903 ct
135 2865 183 2908 sex
209 2851 276 2910 hine
304 2849 384 2924 inde,
413 2849 507 2908 idest
533 2856 590 2928 tres
620 2847 779 2923 adestis,
808 2854 837 2907 et
865 2855 922 2906 tres
944 2865 963 2907 a
983 2849 1109 2908 sinistris.
1134 2881 1139 2890 ·

85 2929 172 2996 Media
191 2954 259 2997 vero
282 2953 328 2996 me
349 2953 472 3010 vocans,
505 2953 570 2996 cnm
592 2938 708 3011 propius
729 2937 928 3008 accessissem,
951 2935 1004 2994 ait:
1027 2936 1109 2997 Bone

85 3033 153 3096 puer,
174 3041 261 3100 quare
275 3040 333 3083 non
350 3023 501 3082 adhibetur
516 3041 584 3082 cura
605 3024 690 3097 capiti
710 3021 781 3082 tuo?
824 3020 1026 3096 Respondente
1047 3042 1107 3084 me:

86 3102 206 3186 Domina,
227 3112 295 3170 satis
314 3112 389 3170 cirea
404 3127 450 3168 me
466 3108 669 3170 laboraverunt
690 3111 773 3188 amici
794 3110 859 3183 mei,
880 3109 931 3168 sed
951 3109 1021 3168 nihil
1040 3129 1110 3187 pro·

86 3190 211 3272 lecerunt3
240 3197 386 3257 subiunxit
413 3196 475 3255 illa:
504 3195 587 3256 Nosti
608 3213 682 3272 qnae
705 3195 778 3254 sim?
808 3195 861 3254 Cui
883 3213 948 3256 eum
971 3196 1108 3275 dicerem,

87 3293 134 3338 non
166 3283 292 3360 domiua3
320 3283 480 3359 respondit:
516 3283 579 3360 Ego
601 3300 665 3342 sum
687 3289 778 3343 mater
800 3281 915 3358 Christi,
945 3291 974 3343 et
995 3284 1110 3346 domina

88 3361 160 3426 huius
188 3372 309 3430 oratorii.
360 3370 435 3445 Quia
466 3371 523 3430 mci
554 3371 720 3429 memoriam
742 3369 878 3430 sollicitus
891 3365 911 3448 ³)
934 3387 965 3429 es
987 3371 1110 3449 habere,

89 3458 209 3528 egotibi
236 3475 334 3518 euram
362 3452 547 3537 adhibebos).
595 3455 705 3532 Accipe
732 3457 839 3536 tructus
860 3456 929 3532 ligni
949 3458 1052 3534 fusilis,
1081 3467 1110 3519 et

106 3599 131 3668 1)
147 3604 204 3660 BCD
225 3609 477 3675 praescisicnis.
502 3637 533 3648 -
556 3608 589 3674 2)
612 3607 701 3660 llonril.
726 3609 755 3660 ll.
780 3625 805 3676 p.
828 3607 877 3660 29:
902 3624 992 3676 „quem
1015 3613 1110 3677 proprii

147 3680 270 3744 genitores
288 3677 320 3728 nd
338 3681 515 3732 monesterium
527 3677 691 3742 tradiderunt,
708 3687 734 3730 et
751 3679 776 3730 in
794 3677 899 3730 ecclesia
918 3679 1001 3745 coepit
1018 3693 1109 3730 canere

149 3753 172 3796 et
188 3746 306 3818 legere,
323 3761 370 3801 nec
382 3765 485 3802 uxorem
497 3747 599 3811 ducere,
614 3763 663 3799 nec
674 3751 851 3800 nronasterinm
863 3745 981 3800 deserere
992 3749 1108 3814 potente

149 3843 177 3856 -
197 3819 227 3888 s)
245 3818 285 3870 nr
303 3818 431 3873 solitus.
452 3849 481 3860 -
501 3820 533 3887 r)
551 3818 592 3871 nr
609 3817 760 3870 attineo.
798 3886 852 3964 μ
