2524 4252
164 297 226 358 son
299 375 302 382 1
445 295 672 360 ursumcnro
697 295 908 360 cuunomm

161 424 255 478 nobis.
279 416 336 478 Hic
357 417 474 479 undem
494 419 662 495 infirmatus,
684 423 803 482 materie
816 417 1173 494 ascendentemecrebrmn,

161 505 254 564 scotus
272 511 321 588 ‘est
340 504 532 581 phreneticus.
575 507 632 582 Qui
654 524 720 567 eum
742 508 869 584 quotidie
890 507 990 566 dentes
1019 511 1047 566 et
1074 523 1104 566 os
1121 518 1174 565 noa

161 599 249 666 reret,
270 591 401 652 dixerunt
422 596 448 652 ei
469 595 588 652 ministri
609 596 665 653 sui:
688 594 765 669 Quid
787 593 934 654 comeditis
956 592 1088 652 domine?
1125 592 1175 652 Re·

161 678 276 754 spondit
288 678 350 738 ille:
382 678 523 740 Denmios
552 696 606 758 ego
636 683 765 741 mastico.
819 681 922 740 Visum
952 682 978 740 ei
1006 679 1095 739 iuerat
1112 677 1175 754 qnod

161 765 293 826 denarios
315 767 357 826 ori
379 768 440 826 eius
462 767 615 827 daemones
636 767 825 828 infunderent.
867 767 932 826 Non
950 784 1076 844 possum,
1094 767 1176 841 inquit,

160 855 300 914 sustinere
322 852 475 914 doemones
495 856 576 912 istos.
603 854 720 914 Portcte
741 871 788 914 me
802 854 840 912 ad
861 845 1064 914 monasterinm
1074 852 1146 912 Rode
1155 847 1176 931 ¹),

160 941 229 998 boni
249 939 315 1004 illic,
327 939 459 1000 homiues
478 946 559 1014 sunt,
587 941 659 1000 forte
686 941 793 1001 anxilio
814 940 927 1000 illorum
948 941 986 1000 ab
1009 940 1053 1001 his
1074 938 1175 1000 diabolis

160 1025 311 1086 liberabor.
354 1026 507 1101 Quocum
529 1027 640 1087 deictus
660 1027 767 1103 fuisset,
789 1027 937 1087 clamarit:
963 1027 1116 1102 Reportote
1133 1042 1176 1100 nro,

160 1119 303 1189 reportate
324 1130 386 1189 me;
415 1113 510 1189 plures
523 1111 543 1193 ²)
577 1114 623 1174 hic
646 1114 800 1174 daemones
831 1114 915 1174 video
946 1130 1034 1189 quum
1059 1116 1087 1172 in
1106 1113 1175 1172 dono

160 1217 252 1259 mem·
276 1200 347 1258 Erat
368 1203 442 1258 enim
464 1201 500 1260 de
521 1201 589 1260 villo
611 1200 739 1260 Wurme.
789 1200 836 1260 Sic
858 1204 944 1260 miser
964 1200 1084 1274 relatus,
1114 1205 1176 1260 cto

161 1285 349 1345 daemonibus
370 1283 533 1366 agitatusb,
556 1290 724 1364 exspiravit,
746 1305 833 1364 qnam
855 1287 1016 1348 execrabile
1037 1289 1131 1348 vitium
1147 1287 1176 1344 sit

160 1390 257 1447 usura,
276 1375 306 1430 in
327 1375 385 1432 suis
407 1377 554 1435 tormentis
576 1375 672 1434 multis
694 1374 855 1434 ostendens.
884 1373 1008 1450 Quidem
1021 1375 1142 1436 dixerunt
1151 1389 1176 1432 se

160 1461 189 1518 in
212 1477 261 1520 ore
283 1465 312 1518 et
333 1461 361 1517 in
375 1467 490 1536 gutture
506 1464 567 1520 eius
590 1461 719 1521 denarios
741 1461 855 1520 vidisse.
889 1459 1091 1521 NOVICIUS:
1110 1461 1178 1520 Bene

160 1544 317 1620 Apostolus
344 1549 493 1608 avaritiam
522 1547 648 1623 appellat
676 1547 817 1628 idolorum
844 1544 1054 1628 servitutem),
1086 1549 1127 1606 cui
1143 1548 1177 1606 sit

160 1632 315 1693 doemones
334 1633 515 1695 famulantur.
558 1633 793 1696 MONACHUS:
821 1633 952 1695 Avaritia
979 1633 1037 1694 heu
1065 1651 1119 1695 non
1136 1649 1177 1694 so·

159 1718 219 1780 ium
241 1723 269 1780 in
291 1721 500 1795 soecularibus,
532 1722 583 1780 sed
605 1724 691 1781 ctiam
719 1724 749 1781 in
777 1724 905 1800 personis
927 1721 1119 1782 ecclesiasticis
1137 1736 1175 1780 rc·

159 1813 237 1883 gunt
260 1809 343 1883 eique
363 1805 574 1888 famulantur⁵).

494 1997 727 2059 CAPITULUM
753 1999 865 2059 XLIII.

202 2117 205 2135 ⁴
270 2101 318 2179 De
336 2115 433 2180 'morto
460 2119 585 2180 Wolters·
605 2121 930 2197 clertei'diopensatorio
951 2121 1090 2183 Lutborit

500 2209 669 2284 Praepositi
689 2209 864 2268 Bouotmo.

224 2327 379 2386 Luthariue
400 2327 583 2405 Praepositns
604 2329 766 2388 Bonnensis
786 2330 932 2410 clericum
953 2328 1082 2390 habebat
1109 2329 1179 2388 nimio

160 2431 288 2488 avarum,
309 2413 542 2476 Monastericnsis
564 2415 701 2495 ecelesiae
723 2419 899 2476 canonicum.
941 2415 980 2474 Et
991 2419 1060 2492 quie
1080 2433 1113 2476 ex
1129 2416 1178 2474 uno

161 2499 278 2561 consilio
300 2500 376 2559 idem
396 2501 582 2578 Praepositns
603 2503 755 2578 pendebat,
777 2503 895 2580 multam
915 2505 1069 2578 pecuniam
1082 2501 1179 2562 Walte-

160 2604 209 2646 rue
232 2596 463 2668 congregaverat.
507 2589 562 2666 Qui
585 2608 650 2649 cum
672 2598 843 2664 moreretur,
863 2607 917 2648 nec
938 2585 1058 2671 nnum⁶)
1080 2587 1179 2665 quidem

162 2675 381 2751 denariumpro
404 2678 499 2734 anima
521 2694 574 2736 suc
594 2676 709 2753 legavit.
758 2677 793 2735 In
820 2679 884 2751 ipso
905 2676 977 2742 horn
997 2680 1096 2738 mortis
1116 2677 1179 2746 einr,

161 2761 334 2822 Godeiridns
367 2762 503 2822 ccclesiae
536 2766 627 2823 saneti
657 2762 792 2830 Andreae
823 2765 852 2820 in
875 2762 994 2823 Colonia
1027 2765 1178 2832 canonicus,

161 2849 392 2910 coramdomino
415 2867 468 2909 sno
490 2848 641 2926 Adolpb0‚
669 2857 736 2910 tunc
764 2851 877 2909 maioris
900 2849 1039 2910 ccclesiae
1059 2851 1179 2920 Denuo,

162 2937 197 2995 etx
210 2943 311 3012 postca
331 2935 573 3013 Archiepiscopo,
605 2939 634 2995 in
656 2937 745 2996 Portu
762 2937 935 2996 Clerioomm
956 2936 1097 2997 dormivit
1136 2932 1178 2992 Cui

14 3051 16 3054 ·
64 3073 71 3078 .
159 3023 225 3082 talis
246 3025 317 3082 visio
340 3031 456 3084 ostenso
476 3030 528 3082 est
571 3024 674 3083 Visum
704 3029 747 3082 cst
774 3026 799 3082 ei
827 3023 904 3099 quod
925 3024 1088 3099 praedictus
1107 3019 1178 3082 Wd·

160 3115 238 3170 terns
259 3112 410 3184 pecrmism
433 3109 468 3169 de
490 3127 595 3186 magno
629 3110 741 3170 cumulo
770 3113 800 3168 in
829 3110 929 3170 tabula
956 3116 1130 3184 numeraret,
1156 3111 1179 3164 et

160 3193 239 3271 quod
261 3195 380 3256 daemon
404 3215 439 3256 ex
468 3196 557 3257 altera
584 3204 665 3272 parte
695 3199 723 3256 in
745 3196 906 3273 Aethyopis
940 3197 1034 3274 effigie
1055 3195 1179 3266 residens,

159 3281 234 3340 illius
270 3287 511 3357 computationem
545 3283 757 3360 diligentissime
793 3284 985 3343 consideraret
994 3281 1024 3364 ¹).
1076 3284 1108 3343 In
1126 3285 1180 3356 ipro

162 3370 372 3444 computatione
404 3370 550 3433 Waltcrus
585 3372 746 3447 frequenter
775 3388 811 3430 ex
838 3373 902 3448 ipsa
933 3373 1058 3447 pecunia
1086 3361 1180 3444 siqui

158 3457 263 3518 birtine
291 3457 364 3514 vesti
394 3459 525 3534 propriae
546 3459 686 3518 submisit
729 3458 795 3534 Qne
815 3465 979 3534 numeratu,
1016 3453 1179 3518 daemonii

179 3592 210 3661 1)
227 3587 405 3654 nesterone,
428 3589 527 3642 nbbctio
545 3554 695 3660 regblnriuur
714 3593 904 3654 canonicorum,
922 3590 1033 3644 secundo
1051 3590 1081 3644 nb
1098 3587 1180 3656 Apin

229 3673 309 3730 grano
325 3658 416 3727 lepide.
431 3659 504 3726 -2)
523 3659 584 3712 CFP
608 3660 719 3728 plnres
737 3662 872 3722 enim„—
887 3659 969 3730 3)οΕ
995 3661 1179 3732 exagitntne.

231 3730 305 3797 -4)
324 3727 421 3781 Colore.
439 3729 465 3792 3,
483 3731 508 3780 5.
522 3758 552 3768 -
571 3729 723 3798 buculi?
740 3732 855 3800 cisque
873 3729 1058 3784 inmnlntur.
1073 3727 1179 3783 nomm

229 3799 580 3936 ecriffiitssnuctorrssirqnuc
598 3801 813 3920 principetur.
824 3829 857 3842 -
870 3801 903 3870 6)
915 3793 964 3854 OF*
975 3815 1069 3854 unum
1082 3796 1179 3852 coium

229 3898 263 3908 -
370 3885 461 3923 conrr
487 3884 521 3922 er
549 3885 626 3928 rso.
