2512 4254
303 281 358 342 DE
379 281 562 344 DIVERSIS
585 279 820 344 VISIONIBUS.
1036 279 1073 338 81

67 404 219 468 slohum
251 404 334 482 Quae
365 404 398 462 lit
423 421 474 480 per
499 405 638 481 imagines
666 405 727 463 sine
749 402 929 478 corporibus,
961 409 994 460 ut
1020 400 1083 462 fleri

67 493 126 553 solet
153 495 180 551 in
201 495 290 552 extasi
323 497 360 552 et·
382 493 412 549 in
438 493 553 550 somnis.
596 489 657 550 Sub
679 489 735 550 hac
757 487 1032 564 comprehendamus
1053 495 1084 549 et

67 581 184 638 visionem
204 577 439 652 intellectualem,
466 577 533 637 licet
564 577 687 636 multum
708 577 746 636 ab
770 593 804 634 ea
825 575 943 634 differat.
987 575 1083 652 Quam

66 665 165 740 qiidam
184 665 281 724 dicunt
302 681 365 725 esse
387 663 534 740 triplicem,
555 665 773 740 aenigmaticam
794 662 902 722 scilicet
919 678 1006 738 quam
1026 662 1083 722 ha·

67 753 121 812 bont
137 756 264 827 viatores,
284 753 508 827 praesentarium
530 767 587 827 qua
608 753 726 809 utuntur
748 741 825 809 cives
838 745 864 828 ¹),
886 755 914 807 et
934 749 1083 808 mediasti-

66 857 119 898 nom
138 857 221 915 quum
235 839 398 898 habuerunt
408 837 504 896 Adam
519 843 547 896 et
560 837 625 896 Eva
645 839 674 894 in
695 837 838 912 paradiso.
881 833 1082 895 NOVIGIUS:

67 924 127 1002 Quid
147 932 188 986 cst
200 927 273 986 visio
287 923 505 984 intellectualis?
538 922 771 984 MONAOHUS:
800 923 881 982 Visio
903 921 1083 982 inteuectua-

66 1009 92 1069 lis
109 1013 162 1072 sive
181 1011 311 1071 mentalis
333 1018 384 1085 est,
403 1009 521 1085 quando
542 1027 596 1069 nec
616 1027 735 1086 corpora
756 1026 810 1068 nec
827 1011 965 1086 imagines
989 1023 1083 1068 rerum

66 1097 186 1174 videntur,
207 1097 259 1158 sed
279 1101 308 1156 in
321 1099 492 1172 incorporeis
507 1097 674 1156 substantiis
686 1099 804 1155 intuitus
821 1098 925 1154 mentis
945 1097 1019 1154 mira
1027 1095 1084 1154 Dei

66 1183 144 1260 ligitm
175 1187 311 1262 potentia.
363 1183 398 1242 In
425 1179 560 1259 'supremo
592 1182 683 1260 gradu
711 1183 795 1242 huius
830 1183 924 1242 scalae
956 1183 1083 1242 locemus

67 1271 205 1348 chistum,
234 1273 283 1349 qui
303 1271 383 1330 Deus
406 1275 450 1329 est
472 1275 501 1329 et
521 1269 624 1345 bomo,
639 1271 740 1346 'caput
761 1275 790 1329 et
818 1271 897 1346 origo
920 1277 1083 1330 sanctorum

67 1360 189 1434 omnium3
210 1361 239 1417 in
262 1357 387 1417 seeundo
408 1357 499 1434 gradu
520 1354 727 1431 descendendo,
750 1357 876 1416 ordinem
891 1355 1082 1433 Angelorum

67 1446 179 1504 intortio
200 1444 291 1522 gradu
314 1444 439 1503 ordinem
460 1443 691 1503 Patriareharum
713 1443 1033 1520 atqueProphetarum;
1054 1446 1083 1501 in

67 1538 151 1604 quarto
171 1531 261 1608 gradu
283 1529 410 1589 ordinem
431 1529 652 1606 Apostolornm3
673 1532 703 1588 in
726 1533 823 1605 quinto
842 1529 933 1607 gradu
956 1530 1084 1589 ordinem

67 1615 221 1694 llnrqmrm3
250 1620 381 1677 inserto
404 1617 494 1693 gradu
517 1617 645 1676 ordinem
668 1616 883 1692 Confessorum3
912 1618 941 1674 in
963 1620 1083 1693 septimo

68 1703 141 1778 gmdu
155 1705 280 1764 ordinem
290 1705 449 1780 Virginum,
470 1703 630 1762 Viduarum
642 1711 670 1763 et
681 1703 907 1778 Continentium3
929 1706 959 1761 in
981 1711 1083 1763 octavo

68 1789 143 1864 pedu
168 1793 305 1851 visionem
332 1790 522 1867 quammlibet
553 1807 648 1850 rerum
677 1790 845 1850 miraculose
878 1792 1084 1865 apparentium.

69 1874 248 1938 norisius:
282 1877 367 1954 Quali
393 1877 479 1936 modo
508 1880 568 1938 sive
596 1880 626 1937 in
656 1877 789 1953 qualibus
820 1879 916 1936 formis
945 1877 1085 1938 coelestes

70 1965 180 2039 spiritm,
200 1971 295 2024 utrum
317 1967 373 2023 sint
394 1964 488 2040 angeli
509 1982 560 2024 seu
581 1963 712 2039 humani,
740 1965 908 2024 mortalibus
929 1981 960 2024 se
982 1963 1085 2024 viden·

70 2047 136 2130 dos')
149 2052 305 2126 exhibeant,
326 2053 418 2127 magis
437 2051 573 2128 exemplis
589 2069 675 2126 quam
691 2054 836 2124 sententiis
854 2053 924 2110 scire
947 2049 1086 2126 desidero,

70 2139 207 2209 praemissa
234 2145 330 2198 tamen
358 2141 437 2213 prius
458 2141 566 2198 visione
588 2137 645 2198 Dei
666 2155 702 2197 ac
724 2137 990 2198 Salvaton'snostri
1011 2137 1084 2198 Jesu

71 2220 165 2282 Christi
214 2223 449 2285 MONAUHUS:
485 2224 594 2284 Invooa
625 2241 739 2284 mecum
770 2225 905 2300 Spiritum
938 2232 1084 2299 sanctum,

71 2312 110 2382 qui
127 2311 161 2370 ab
180 2313 242 2386 ipso
263 2311 400 2388 procedit,
423 2310 459 2370 de
481 2313 561 2371 cuius
583 2313 669 2371 etiam
692 2315 868 2388 apparitione
889 2312 1010 2371 mirabili
1031 2311 1085 2372 ali—

71 2396 126 2468 quid
146 2397 233 2460 dioere
261 2415 405 2475 propono,
437 2405 470 2457 ut
496 2399 553 2458 hoc
581 2399 659 2475 quod
679 2399 824 2475 postulas,
857 2397 941 2475 digne
972 2399 1086 2460 valeam

71 2480 215 2560 adimplere.
267 2485 348 2545 Licet
374 2482 496 2545 indivisa
523 2488 579 2544 sint
608 2503 695 2561 opera
717 2487 840 2545 'sanotae
868 2485 1028 2561 Trinitatis,
1058 2493 1086 2546 et

71 2565 136 2627 l'atri
154 2571 252 2645 Filius,
283 2578 370 2654 atque
392 2574 504 2648 utrique
526 2572 646 2648 Spiritus
667 2569 783 2632 sanctus
806 2571 938 2632 credatur
959 2573 1085 2632 consub—

73 2658 200 2732 stantialis,
219 2675 366 2735 uunquam
385 2665 483 2719 tamen
504 2662 533 2718 in
554 2660 683 2718 subiecta
705 2665 836 2719 creatura
852 2659 939 2719 Pater
956 2659 1086 2719 mortali·

73 2739 118 2798 but
136 2747 293 2820 apparuisse
314 2747 460 2821 repetitum,
482 2745 559 2822 quod
581 2746 616 2804 de
637 2745 711 2810 Fiho
733 2753 763 2806 ct
782 2745 888 2821 Spiritu
909 2752 1008 2805 sancto
1031 2745 1086 2805 dici

72 2841 119 2886 oon
136 2837 232 2905 potest
274 2833 357 2892 Duas
379 2833 518 2908 siquidem
538 2835 569 2891 in
591 2833 696 2892 Christi
716 2849 839 2909 persona
869 2839 985 2892 naturas
1014 2849 1085 2892 con·

73 2909 183 2990 fitentur,
202 2918 326 2978 divinam
348 2925 377 2979 et
391 2919 559 2979 humanam.
602 2919 766 2980 Secundum
786 2918 878 2994 illam,
906 2920 1001 2978 iucem
1028 2921 1085 2980 bo·

75 2995 137 3060 litut
154 3005 378 3078 ausaausa,
399 3009 432 3064 in
450 3025 512 3082 quo
531 3023 617 3066 uano
641 3025 708 3065 curn
728 3007 802 3066 cidit
822 3004 998 3083 anquam&
1030 3006 1086 3068 Se-

75 3087 181 3150 cundum
201 3093 296 3167 btam,
323 3092 478 3152 humanum
498 3093 620 3168 scilicet,
640 3095 770 3153 interris
790 3094 873 3168 neus
892 3099 949 3168 cst,
970 3101 999 3152 et
1020 3111 1086 3154 cum

74 3168 215 3238 homiuibus
229 3186 414 3240 conversatus
428 3187 480 3240 est
511 3181 600 3241 Visus
622 3186 666 3240 est
687 3181 762 3240 euim
783 3188 849 3239 ante
865 3179 959 3257 legem
981 3187 1011 3240 et
1031 3182 1085 3242 sub

75 3253 127 3335 lege
146 3280 162 3322 a
179 3267 319 3342 putribus,
351 3267 402 3326 sed
429 3269 459 3326 in
479 3267 577 3344 aliqua
602 3268 731 3326 subiecta
759 3273 903 3342 oreatura3
937 3269 1015 3327 visus
1044 3277 1087 3328 est
1123 3265 1125 3270 ’

76 3347 186 3423 tempore
204 3356 311 3430 gratim
331 3355 361 3412 in
381 3354 508 3414 humana
527 3361 640 3414 natura.
681 3353 720 3412 Et
750 3353 817 3413 boet
845 3353 934 3413 semel
961 3373 996 3414 ex
1017 3354 1086 3413 Vir-

77 3431 130 3503 g'uo
148 3438 180 3496 sit
198 3447 295 3516 natus,
316 3443 438 3500 nutritus
459 3458 494 3502 ae
514 3441 653 3516 lactatus,
673 3439 763 3500 semel
784 3459 802 3500 a
822 3439 917 3517 Magis
938 3439 1087 3514 adorabis,

78 3519 133 3578 ltin
145 3527 242 3602 templo
255 3534 460 3604 praesentatus,
475 3545 588 3606 passus,
600 3534 634 3596 ¹et
645 3547 664 3588 a
675 3529 794 3586 mortuis
807 3529 968 3599 suscitatus,
983 3545 1087 3588 ascon-

82 3599 189 3684 detque
208 3616 236 3674 in
258 3614 378 3690 coelum,
400 3621 525 3676 chamon
543 3631 634 3692 usquo
655 3615 693 3675 ad
715 3614 790 3676 diem
812 3613 906 3674 iudicii
924 3613 1087 3674 sedemus-

93 3769 472 3850 Ueiientanumque·
492 3785 524 3854 2)
542 3784 702 3838 videndos
719 3797 760 3835 om
770 3781 824 3844 1303
842 3779 887 3834 ab
904 3779 1087 3833 ridendum.

135 3875 162 3886 -
179 3851 208 3922 3)
225 3853 285 3906 lim.
305 3855 330 3920 l,
348 3856 373 3920 b,
391 3855 432 3908 ld.
450 3852 538 3907 lolium
557 3854 576 3919 l,
594 3856 619 3918 d,
638 3854 679 3909 12.
775 3918 829 3994 μ
