2512 4254
147 273 188 329 86
458 265 686 328 uisumeflo
707 265 872 326 ocinus

146 393 300 468 petrarum
316 389 540 468 prohibuerim
558 391 770 466 potcstpnicc
811 388 890 448 Hinc
910 397 956 448 est
975 387 1057 466 pund
1075 389 1180 452 incluse

147 478 291 554 qnaethm
319 495 386 537 cum
413 495 433 536 a
460 475 589 536 Sathm
615 477 671 536 sub
700 478 796 552 specie
824 475 919 552 angeli
939 476 1107 536 indicetur
1126 479 1179 539 ire-

146 567 294 641 qncutius,
322 571 352 623 ct
380 563 437 624 hec
464 563 578 622 cuidam
605 564 747 622 mccrdnti
772 563 897 622 litterate
919 565 1053 624 contessa
1072 566 1180 640 fuscet,

147 652 229 712 delos
256 651 331 710 illius
362 667 421 710 non
449 649 624 726 intelligam
651 650 799 726 mqrendit
824 650 887 709 ille:
914 649 989 710 Cum
1018 651 1112 712 denuc
1132 653 1181 714 tibi

146 742 326 816 apparuerit,
354 737 453 796 oculos
481 737 592 798 claude.
633 737 665 796 Si
692 737 812 814 angelus
831 737 917 796 inerit
936 738 1056 797 Domini
1077 739 1180 812 benus,

145 841 205 886 nen
225 829 319 885 minus
340 843 407 884 eum
427 823 554 898 videbis3
575 827 601 882 si
621 841 690 884 vern
711 824 819 898 malus,
844 824 925 884 illum
944 827 987 886 ita
1007 825 1107 886 videre
1127 839 1181 887 non

146 915 262 988 poteri.
304 911 391 988 Quod
412 927 514 970 verum
534 927 598 970 esse
619 911 718 970 didicit
738 913 942 987 experimento.

507 1066 742 1128 CAPITULUM
764 1067 818 1128 vi

253 1188 1090 1266 DePriorcpnividitatelluminnocteDominicee

426 1277 613 1335 d'ntc'citatis·
627 1293 719 1351 anper
742 1284 905 1336 ememtes.

210 1396 302 1456 Alteri
331 1395 445 1456 cuidam
473 1395 615 1456 sacerdoti
643 1395 824 1474 supradictae
853 1395 970 1474 domus,
1003 1405 1073 1458 tnnc
1094 1399 1182 1460 Priori

145 1486 276 1545 existenti
292 1482 323 1564 ¹),
340 1483 481 1542 Dominus
502 1485 556 1542 sub
578 1483 635 1542 alin
657 1491 728 1560 typo
749 1487 905 1544 nativitatis
926 1501 997 1545 suae
1018 1489 1182 1564 mysterium
1253 1489 1254 1492 ’

145 1570 277 1632 ostendit
320 1569 392 1630 Cum
419 1573 448 1628 in
471 1579 573 1646 quarta
594 1571 747 1630 Dominiea
767 1568 919 1631 Adventus
941 1579 1041 1632 cantor
1062 1590 1179 1650 respon-

67 1681 71 1686 ·
146 1661 267 1719 surium:
297 1657 459 1718 Intuemini
487 1666 619 1734 quantus
647 1662 684 1717 sit
711 1661 764 1718 iste
794 1663 847 1734 pei
870 1660 1102 1743 mediaest
1121 1659 1180 1720 sel·

147 1745 264 1807 vatidus
285 1753 398 1820 pentes,
420 1747 572 1821 inciperet,
594 1751 622 1803 et
642 1763 710 1820 pars
731 1751 890 1804 conventus
911 1747 950 1806 ad
970 1741 1077 1806 librum
1098 1755 1183 1822 stans,

147 1836 292 1908 inceptum
313 1831 469 1908 perliceret,
490 1835 518 1890 in
541 1831 628 1891 chero
643 1832 769 1891 Abbatis
789 1851 877 1908 super
896 1832 1026 1910 formam,
1048 1836 1094 1895 eui
1115 1852 1182 1894 ean·

148 1925 242 1979 tantes
269 1919 462 1977 innitebantur
473 1913 510 2000 ²),
538 1918 675 1978 circulum
702 1919 828 1978 lucidum
856 1919 942 1995 vidit,
972 1927 1001 1979 et
1029 1922 1059 1980 in
1081 1919 1181 1983 circulo

147 2005 260 2067 stellam
288 2003 474 2064 clarissimam
501 2005 669 2066 radiantem.
710 2005 749 2064 Et
774 2022 841 2064 mox
863 2006 1014 2082 intellexit,
1045 2011 1119 2068 sicut
1138 2009 1181 2066 in-

147 2091 273 2171 telligere
295 2092 408 2168 debuit,
430 2092 508 2168 quod
528 2093 612 2152 stella
633 2093 734 2152 eadem
757 2094 918 2172 designaret
940 2092 1100 2172 Christum3
1128 2096 1182 2155 eir·
1254 2141 1255 2152 .

148 2179 229 2241 culus
249 2196 319 2240 vcro
340 2178 452 2240 lucidus
473 2181 572 2240 erbem
588 2187 727 2239 terrarum
747 2179 821 2239 illius
842 2181 969 2240 adventu
985 2182 1181 2242 illuminatum
1254 2191 1255 2256 ξ

147 2267 186 2330 Se
207 2265 320 2327 stellam
342 2283 405 2326 esse
426 2273 547 2326 testatur
567 2269 597 2324 in
617 2267 796 2343 Apocalypsi
818 2267 930 2328 dicens:
953 2269 1020 2344 Epo
1041 2287 1109 2329 sem
1129 2287 1180 2328 ca·
1254 2267 1255 2282 ¹

148 2355 200 2416 aa
229 2361 257 2413 et
277 2372 370 2430 pentae
391 2355 508 2427 Dauid,
529 2355 614 2412 stelle
634 2355 788 2429 epkttdida
809 2362 837 2414 et
858 2349 1054 2428 matutittc⁸).
1097 2355 1134 2415 Et
1154 2357 1181 2414 iu

147 2448 248 2502 saneto
283 2439 443 2518 Evangelio
475 2458 507 2500 se
542 2441 669 2517 appellat
703 2441 797 2500 lucem
832 2437 973 2521 mnndi⁸).
1028 2441 1112 2503 Haec
1147 2439 1181 2501 de

148 2527 253 2588 Christi
281 2528 430 2586 nativitate
450 2529 502 2587 tibi
524 2526 600 2586 dicta
621 2527 771 2587 sufficiant
813 2525 951 2604 Sciasque
972 2545 1019 2587 me
1039 2529 1116 2590 hane
1136 2530 1180 2588 vi·

147 2615 258 2677 sionem
279 2613 316 2673 ab
339 2615 399 2672 eins
422 2631 471 2673 erc
492 2615 645 2690 audivisse,
666 2615 714 2690 qui
737 2633 801 2674 cam
823 2615 920 2674 videre
939 2617 1051 2675 meruit
1093 2617 1180 2676 Porro

148 2721 235 2781 qnam
262 2701 387 2779 gloriosa
414 2703 487 2759 visio
509 2701 622 2760 cuidam
644 2702 824 2762 sacerdotum
845 2709 1007 2761 nostrerum
1028 2703 1059 2762 in
1081 2703 1181 2763 Christi
1207 2693 1213 2706 '

147 2789 303 2850 Nativitate
333 2786 369 2847 de
392 2787 504 2848 Christo
532 2789 568 2847 sit
597 2795 727 2864 ostensa,
755 2789 854 2848 audies
882 2790 912 2847 in
934 2789 1113 2850 distinctione
1133 2806 1180 2849 se·

27 2940 31 2948 ,
148 2880 247 2954 quenti
255 2871 284 2956 ⁵).
327 2872 529 2936 NOVICIUS:
551 2875 657 2934 Pieccr
678 2881 710 2933 ut
725 2876 865 2953 gradatim
884 2875 1023 2935 ascendas
1046 2877 1081 2937 de
1103 2875 1180 2937 sesti-

147 2965 237 3022 vitate
251 2963 289 3022 ad
303 2962 495 3036 festivitatem,
517 2962 596 3022 etde
617 2953 735 3022 infantia
757 2964 795 3022 ad
815 2966 993 3022 iuventutem
1013 2965 1103 3024 nestri
1115 2961 1179 3024 su·

148 3051 263 3110 vetoris.
300 3045 536 3109 MONACHUS:
565 3049 612 3110 Sic
633 3049 752 3127 faciam,
781 3051 905 3110 elsiones
934 3067 1007 3126 quas
1027 3052 1058 3110 in
1078 3051 1132 3111 illis
1152 3057 1179 3109 et

148 3133 184 3196 de
205 3135 254 3196 ille
275 3133 366 3196 iactas
386 3137 455 3198 novi
476 3137 528 3196 tibi
548 3136 704 3196 recitando.

502 3289 737 3352 carmenum
758 3289 827 3350 vn.

215 3417 263 3476 De
283 3413 446 3474 Bmltmuda
479 3432 557 3490 quae
577 3417 610 3472 in
629 3414 808 3492 Epypdartia
831 3412 979 3476 Christum
999 3417 1074 3478 vidit
1094 3420 1125 3476 in

249 3521 251 3536 ¹
311 3504 473 3578 praesepio,
496 3501 598 3559 Patres
618 3517 717 3559 vocem
739 3500 863 3596 audiam
884 3501 1016 3578 desuper.

211 3624 301 3702 Virgo
329 3621 471 3699 quaedam
498 3619 574 3681 eirca
594 3620 650 3679 hnc
671 3621 822 3680 triennium
844 3622 978 3684 defuncta
1000 3631 1061 3700 est,
1077 3607 1177 3686 ¹Rich·

167 3776 199 3845 i)
216 3773 299 3828 leue
322 3773 428 3826 Priore
454 3772 626 3824 existente.
651 3797 682 3810 -
708 3741 740 3838 2)
763 3771 849 3824 Aser
874 3773 1069 3828 inuitabant
1094 3805 1123 3816 -
1147 3773 1179 3839 3)

216 3845 295 3913 Apec.
314 3844 416 3909 22,16.
436 3871 466 3882 -
485 3842 517 3908 4)
534 3833 668 3902 totins,
687 3839 727 3889 12.
747 3869 778 3880 -
798 3841 829 3910 5)
847 3856 901 3909 cap.
921 3843 945 3894 2.
