2524 4252
156 259 219 318 290
442 255 670 319 DISTINO'I'IO
694 255 906 320 UNDEOMA

155 381 267 456 patrem
288 375 383 440 adhuc
404 379 511 454 spirare
532 378 658 456 vidisset,
681 379 829 441 clamarit:
853 382 960 442 Vivitis
980 381 1078 444 adhuc
1099 381 1197 444 dorni-

154 464 213 526 no?
256 463 311 524 Gni
338 481 403 524 cnm
430 465 478 525 ille
504 467 620 526 minime
641 467 841 544 responderet,
868 471 971 528 timens
992 469 1091 530 hostes
1115 487 1195 547 esse,

154 553 276 612 subiecit
297 569 465 612 conversus:
486 553 549 630 Ego
572 571 645 628 sum,
666 571 702 614 ne
720 556 853 615 timeatis.
895 556 980 616 Tunc
1001 556 1063 616 ille:
1084 557 1195 618 Adhuc

154 641 230 698 enim
261 640 338 698 vivo.
380 638 452 698 Mox
478 639 590 701 levatus
617 643 648 698 in
674 640 825 717 vehiculo,
854 640 1020 718 deportatus
1050 649 1096 704 est
1107 641 1126 724 ¹)
1155 645 1195 706 ad

146 722 487 805 1gronpam3pecoata2)
509 743 562 785 sua
584 727 731 787 confessus
753 734 812 803 est,
835 731 1070 807 communicavit,
1104 731 1194 790 innn-

153 819 215 892 otus
237 819 289 887 est,
311 815 409 888 sicque
430 814 559 887 spiritum
574 811 704 872 reddidit
736 813 813 874 Ecce
834 817 910 890 prior
921 831 988 875 curn
999 821 1115 893 tempus
1136 817 1194 878 hn-

153 900 233 959 beret
261 899 440 974 poenitendi,
470 906 499 958 et
525 898 600 959 filins
631 917 696 960 eum
726 899 761 960 de
783 901 875 960 salute
898 903 1024 978 quotidie
1046 911 1193 982 moneret,

152 987 248 1046 omnia
269 985 401 1062 neglexit,
422 988 545 1044 moriens
558 988 754 1062 impoenitens,
789 986 872 1047 Alter
892 1006 961 1048 vero
978 991 1192 1066 semimortuos,

152 1072 215 1133 olco
243 1071 454 1136 misericordiae
484 1080 512 1133 et
533 1075 600 1132 vino
625 1075 817 1158 poenitentiae
838 1077 900 1134 veri
922 1075 1096 1136 Samaritani
1118 1093 1192 1138 con·

150 1160 243 1234 sotus,
272 1158 307 1218 de
330 1157 441 1218 stabulo
463 1161 593 1218 transivit
614 1159 652 1220 ad
673 1160 810 1236 palatium
819 1156 848 1241 ³).
891 1160 930 1219 Et
951 1167 994 1222 est
1014 1163 1044 1220 in
1064 1162 1113 1222 his
1134 1165 1193 1223 im·

152 1245 262 1323 pletum
283 1245 361 1321 qnod
382 1248 522 1322 scriptura
544 1245 625 1306 dicit:
652 1246 707 1306 Oai
728 1249 793 1307 vult
813 1251 976 1322 macretas,
997 1250 1124 1324 gratiam
1144 1253 1192 1310 in-

150 1331 304 1408 fundendo,
326 1339 354 1392 et
375 1351 461 1408 qoem
484 1333 548 1392 oatt
568 1328 731 1406 induravi,
753 1335 875 1410 gratiam
895 1352 955 1398 non
975 1335 1163 1412 apponendo.

406 1582 408 1587 ·
486 1557 718 1619 CAPITULUM
738 1559 857 1618 XXIII.

254 1683 303 1742 Dc
329 1681 448 1757 Wc'pcro
476 1681 567 1740 milite
588 1685 640 1756 qai
661 1698 681 1738 a
702 1680 876 1741 Sarroceais
899 1685 1008 1742 oceane
1031 1689 1082 1743 est.

214 1821 249 1880 In
270 1820 405 1880 Dioeoesi
424 1819 600 1901 Traiectensi
621 1817 702 1878 miles
724 1818 840 1893 quidam
862 1820 969 1879 exstitit
988 1821 1106 1880 nomine
1121 1819 1191 1881 Wi-

149 1923 250 1983 gerus,
277 1909 307 1966 in
335 1907 447 1966 actibus
468 1905 584 1967 militiae
605 1907 855 1965 nominatissimus.
896 1906 932 1964 In
953 1908 1045 1982 prima
1065 1906 1191 1984 expedi·

149 1995 226 2054 tione
246 1993 304 2052 Dei
323 2009 440 2052 munere
463 1998 666 2067 compunctus,
695 2009 777 2052 cruce
799 1993 926 2069 signatus
947 2009 1026 2053 mare
1046 1994 1190 2068 transivit,

148 2087 209 2140 tarn
229 2080 337 2142 innitor
367 2085 396 2139 ct
423 2085 482 2139 tarn
503 2081 641 2138 instanter
662 2077 835 2138 Sarracenos
855 2081 1043 2155 impugnans,
1069 2085 1106 2139 nt
1126 2086 1190 2140 tam

148 2159 223 2244 Re'gi
235 2166 477 2244 derosolymitano
500 2181 588 2240 qnam
611 2167 711 2225 ceteris
729 2164 895 2225 Christianis
918 2164 1037 2225 dilectus
1058 2173 1138 2226 esset
1159 2173 1189 2225 et

146 2260 299 2331 acceptus,
329 2258 358 2313 et
385 2254 506 2312 inimicis
528 2251 633 2311 Christi
661 2253 744 2312 nimis
753 2248 773 2331 ⁵)
799 2252 923 2312 odiosus.
967 2252 1024 2327 Qui
1045 2269 1189 2328 comper

147 2359 255 2400 annum
275 2343 417 2417 integrum
434 2339 577 2398 Salvatori
597 2338 703 2398 ibidem
724 2345 838 2398 strenue
859 2345 892 2397 nt
914 2336 1023 2397 dictum
1043 2344 1088 2399 est
1109 2339 1188 2399 mili-

147 2434 251 2502 tasset,
274 2434 303 2486 et
324 2427 476 2501 repatriare
499 2427 667 2502 cogitasset,
696 2424 742 2484 die
764 2425 889 2500 quadam
909 2426 940 2482 in
961 2424 1050 2485 oculis
1072 2427 1135 2484 eirrs
1156 2427 1188 2484 in

148 2514 282 2574 condictu
310 2530 409 2573 servus
439 2515 499 2572 eins
528 2513 639 2571 occisus
669 2517 719 2570 est.
769 2511 856 2570 Cuius
884 2513 1011 2572 animam
1037 2513 1067 2570 in
1088 2514 1187 2588 specie

148 2600 298 2662 columbae
328 2599 424 2662 coelos
451 2599 553 2659 videns
580 2603 745 2674 penetrare,
778 2604 967 2673 compunctus
996 2598 1032 2659 de
1059 2599 1187 2674 visione,

147 2688 262 2748 dicebat
283 2690 357 2746 intra
378 2705 424 2746 se:
446 2685 524 2762 Quid
545 2701 629 2761 agere
651 2685 784 2761 proponis
807 2702 824 2744 o
846 2682 952 2744 miser?
996 2684 1029 2744 Si
1051 2701 1187 2745 reversus

146 2776 248 2851 fueris,
278 2777 347 2834 vitia
368 2779 480 2850 repetes
502 2772 634 2845 dimissa,
663 2777 692 2830 et
720 2777 803 2830 erunt
829 2772 987 2830 norissima
1013 2777 1063 2830 tna
1084 2774 1187 2848 peiora

146 2863 296 2937 prioribus.
338 2861 383 2920 Ex
404 2867 472 2919 tnnc
492 2859 591 2918 fortius
612 2874 701 2934 agens
723 2856 822 2932 solito,
848 2857 893 2918 die
925 2855 1052 2932 quadarn
1081 2859 1187 2918 confli-

147 2956 224 3008 ctum
245 2951 360 3010 intravit
382 2953 411 3006 et
432 2947 574 3006 occubuit.
600 2943 688 3002 (iuius
711 2950 798 3020 eaput
811 2943 960 3004 sarraceni
977 2945 1186 3019 praescinden-

145 3041 189 3093 tes
198 3031 228 3115 ⁵),
250 3053 316 3094 enm
336 3033 427 3094 multa
447 3033 539 3110 gloria
560 3030 799 3091 circumtulerunt.
821 3030 973 3089 Christiani
994 3047 1061 3090 vero
1077 3047 1186 3108 corpus

145 3121 287 3194 rapientes
313 3127 402 3200 atqua
428 3118 616 3197 sepelientes,
645 3117 795 3178 ecclesiam
820 3133 905 3193 snper
931 3117 1027 3193 ipsum
1055 3117 1186 3179 fabrica·

146 3213 259 3266 verunt.

445 3425 879 3481 ...ἠῢς-μ...-

129 3743 135 3752 ,
162 3693 193 3759 1)
211 3671 261 3743 est
278 3705 320 3742 orn
335 3687 409 3741 BGF.
429 3717 461 3726 -
479 3689 510 3756 2)
526 3687 549 3740 id
564 3687 613 3740 ibi
630 3685 861 3756 peecata-³]
878 3685 937 3738 Luc.
956 3684 998 3738 to.
1016 3712 1049 3724 -
1062 3683 1187 3752 fidium.

213 3761 238 3824 9,
257 3760 297 3813 ts.
318 3789 348 3798 -
364 3757 430 3826 5»)ss
445 3758 544 3810 sinric
558 3755 692 3811 ‹in-ridor
709 3772 752 3809 sc.
774 3786 805 3798 -
825 3757 857 3825 6)
874 3753 896 3809 E
913 3752 1188 3823 praesumentes,

212 3828 315 3884 scoot>
332 3826 577 3920 prrecidentes.
