2524 4252
374 261 430 330 nn
450 261 731 327 uonmmnsus.
859 225 863 239 ”
1005 265 1067 326 311

58 382 116 442 sads
139 399 227 460 vaga,
255 388 285 443 et
310 383 395 446 valde
423 383 586 447 saecularis.
635 385 727 446 Nocte
753 383 879 461 quadam
903 385 934 444 in
962 387 1069 447 somnis

58 474 113 530 ante
128 467 234 530 Christi
246 471 371 542 tribunal
390 479 472 548 rapte
495 479 547 547 est,
566 475 597 530 in
619 475 699 532 cuius
721 473 840 532 circuitu
860 471 932 536 vidit
951 472 1070 550 angelos

59 561 82 614 et
97 553 260 634 Apostolos,
279 563 420 635 martyres
442 565 471 618 et
491 557 664 635 reliquorum
684 558 816 618 ordinum
838 565 953 636 senctos
973 559 1070 618 infini-

58 647 102 702 tos.
138 641 295 703 Animabus
316 646 347 702 in
367 643 492 704 medium
515 644 659 720 deductis,
686 645 751 705 illae
773 645 811 704 ad
832 646 967 721 gloriam,
996 647 1070 706 istae

58 727 90 787 ad
111 729 243 807 supplicia
270 729 478 791 indicabantur.
522 731 650 807 Cumque
678 730 751 792 haee
779 730 882 790 ancilla
910 731 1020 792 videret
1041 739 1070 792 et

58 821 180 892 tremeret,
200 821 354 876 accusante
374 819 555 891 conscicntia,
576 835 677 878 manus
698 817 862 895 suppliciter
883 817 921 877 ad
946 817 1071 877 iudicem

58 901 167 961 tetendit.
216 901 304 962 Cuius
316 899 334 983 ¹)
361 903 408 964 ille
437 906 576 978 misertus,
597 906 659 963 eitr'
674 903 749 980 Quid
763 921 810 964 me
824 903 910 963 oras?
938 904 987 964 Da
1002 903 1071 962 mihi

57 989 186 1048 nimmum
207 988 326 1066 digitum
346 995 443 1065 tuum,
470 996 499 1050 et
520 1007 574 1068 ego
597 990 672 1050 dabo
693 993 746 1051 tibi
766 1008 868 1052 manus
888 1007 977 1050 meas.
1023 988 1070 1050 Ac

57 1073 203 1136 sidiceret:
230 1075 280 1136 Da
307 1076 387 1135 mihi
404 1077 547 1136 modicam
574 1076 661 1136 fidem
688 1077 766 1154 quod
793 1083 823 1138 te
851 1076 887 1137 de
910 1079 970 1137 tuis
995 1077 1071 1136 vitiis

58 1161 232 1236 emendes,ct
253 1163 380 1239 egotibi
403 1163 477 1223 dcbo
499 1167 620 1240 gretiam
641 1180 744 1223 meam.
786 1163 892 1239 Sioque
917 1163 1071 1241 evigilavit

58 1245 126 1322 Quae
152 1265 217 1308 cum
244 1251 339 1308 visum
366 1248 507 1310 retulisset
535 1249 649 1310 cuidem
676 1250 825 1327 religiosae
846 1258 993 1311 matronae
1015 1266 1070 1308 no·

58 1335 120 1393 mine
138 1333 246 1409 Aleidi,
279 1352 353 1411 quae
374 1336 469 1396 adhuc
490 1343 634 1413 superest,
670 1337 705 1396 de
725 1337 795 1398 villa
817 1335 991 1412 Gurnenich,
1023 1349 1071 1397 re-

58 1419 155 1494 spondit
181 1421 245 1481 illa:
273 1420 384 1488 Misera,
409 1423 529 1483 emenda
550 1426 639 1483 vitam
668 1430 769 1499 tuam,
805 1426 875 1483 satis
897 1425 1071 1483 commonita
1184 1421 1189 1496 j

13 1525 14 1530 ¹
58 1521 90 1564 es.
125 1507 177 1568 Ille
197 1510 319 1584 primum
340 1508 455 1585 quidem
475 1512 577 1585 timuit,
598 1509 650 1568 sed
670 1513 754 1570 timor
774 1509 851 1568 idem
873 1511 955 1569 citius
972 1526 1071 1569 cessa·

58 1593 98 1650 vit
141 1593 269 1669 Cumque
300 1601 333 1654 ut
352 1598 430 1672 prius
451 1598 527 1655 vitiis
546 1598 671 1673 pristinis
692 1597 866 1669 subiaceret,
886 1595 1072 1654 admonitioni

13 1703 14 1708 ¹
58 1676 155 1754 flagella
174 1680 326 1742 adduntur.
366 1681 441 1742 Nam
463 1699 529 1742 oum
550 1689 616 1759 post
636 1685 789 1742 acerrimas
813 1681 990 1740 infirmitates
1019 1698 1072 1740 ex·

13 1817 14 1820 ,
58 1766 189 1842 spiesset,
211 1773 241 1828 et
267 1767 376 1828 nudata
396 1786 481 1845 super
507 1786 618 1844 arcem,
646 1775 723 1828 tecta
751 1773 862 1829 tantum
888 1766 1072 1827 lintheamine

58 1853 137 1925 posita
155 1854 266 1929 fnisset,
294 1853 351 1914 duo
374 1872 459 1915 canes
480 1861 546 1915 ente
568 1855 684 1915 domum
705 1857 734 1915 in
756 1855 834 1916 curia
854 1871 886 1914 se
901 1851 1072 1914 ‹momorde-

58 1945 113 1996 runt
124 1936 162 2020 1).·
196 1940 367 2018 Supervenit
386 1943 486 2002 tertius
507 1948 537 2001 et
565 1949 697 2018 quartus,
727 1941 829 2002 deinde
858 1957 957 2001 omnes
985 1957 1072 2001 cenes

59 2023 145 2102 villae,
166 2029 214 2102 qui
235 2029 408 2088 seinvicem
429 2029 585 2089 mordendo
595 2025 615 2108 ³)
639 2029 755 2089 domum
775 2030 927 2103 intrantes,
947 2027 1072 2088 linthea-
1189 2076 1191 2080 .

59 2125 113 2170 nen
132 2116 339 2190 superpositum
359 2115 573 2191 absumentes,
602 2115 734 2175 dentibus
757 2117 816 2176 suis
837 2117 1072 2174 comminuerunt

59 2193 105 2270 Qui
122 2201 169 2258 vix
189 2216 207 2259 a
227 2202 338 2261 rusticis
365 2202 487 2262 fustibus
509 2201 620 2278 expulsi
640 2209 715 2261 sunt.
758 2201 905 2261 cadavere
926 2217 995 2261 vero
1023 2217 1072 2260 ee-

59 2282 142 2360 pulto,
169 2303 254 2347 oenoe
275 2288 365 2364 fugati
384 2288 535 2349 redeuntes
556 2305 642 2365 super
663 2290 724 2348 eius
752 2288 893 2348 tumulum
916 2290 1074 2364 interrupta

58 2367 123 2430 bella
141 2380 356 2434 renovaverunt
397 2375 497 2435 'limae
520 2377 595 2434 enim
620 2374 699 2450 quod
725 2377 822 2434 anima
846 2373 992 2434 modicum
1017 2373 1073 2433 ha-

59 2454 139 2516 buerit
157 2451 242 2536 pacis,
263 2461 337 2520 sicut
349 2460 433 2521 multi
452 2464 627 2537 interpretati
648 2467 722 2520 sunt.
764 2461 802 2520 Et
824 2463 891 2537 quia
910 2459 1074 2521 huiusmodi

59 2542 174 2606 moderes
194 2563 283 2622 saepe
303 2550 421 2624 magieis
441 2550 574 2608 insistunt
595 2549 712 2624 artibus,
733 2553 767 2606 nt
786 2547 982 2608 vehementius
1003 2564 1074 2623 pos·

59 2628 106 2687 sint
123 2635 218 2712 amari,
240 2640 339 2694 contra
357 2634 434 2695 idem
454 2637 559 2695 vitium
575 2637 646 2695 satis
666 2633 840 2697 horrendum
861 2634 913 2693 tibi
932 2633 1073 2711 proferam

60 2717 214 2793 exemplum.

394 2875 626 2940 anemurum
656 2878 724 2939 nx.
774 2837 777 2844 “

142 2995 188 3054 De
209 2997 330 3058 muliere
350 3015 442 3075 mogo
464 3019 556 3076 quom
578 3002 734 3060 doemones
757 2995 984 3076 durescebant.

114 3112 145 3174 In
164 3115 255 3178 Hesio
276 3118 505 3182 villaDioeoesis
520 3123 717 3197 Traiectensis,
737 3121 842 3182 lemine
863 3118 1006 3197 quaedam
1018 3118 1075 3178 mi-

59 3201 175 3263 suedie
196 3204 321 3280 quedam
340 3207 429 3284 pedes
461 3227 529 3269 suos
556 3209 634 3286 pelvi
654 3211 816 3285 imponens,
846 3213 875 3267 et
896 3211 977 3266 extra
997 3204 1075 3265 illam

60 3291 198 3349 retrorsum
215 3291 337 3370 saltans,
365 3296 407 3354 sic
428 3297 483 3355 ait:
504 3295 562 3355 Hic
583 3297 657 3358 seito
679 3295 715 3356 de
736 3300 878 3371 potestate
892 3293 949 3353 Dei
968 3295 997 3351 in
1019 3306 1075 3369 po-

60 3375 178 3435 testatem
192 3377 306 3438 diaboli.
327 3379 422 3457 Quam
444 3381 576 3444 diabolus
598 3399 665 3442 mox
678 3385 801 3459 rapiens,
823 3387 852 3441 et
872 3383 902 3439 in
923 3397 992 3440 aera
1008 3394 1075 3438 sus·

60 3455 157 3536 tollens,
177 3463 270 3524 multis
293 3469 342 3542 qui
363 3471 492 3529 arentin
513 3470 582 3530 villa
603 3472 663 3530 sive
685 3476 766 3528 extra
786 3467 884 3529 villam
904 3465 1075 3536 videntibus,

61 3541 126 3604 ultra
143 3547 303 3612 altitudines
323 3543 473 3615 nem'orum
494 3556 652 3631 transtulit,
678 3559 719 3616 ita
740 3561 772 3615 ut
797 3572 888 3631 nsque
910 3557 938 3613 in
959 3549 1075 3611 hodier-

61 3643 120 3690 num
139 3633 210 3696 diem
230 3656 374 3716 nusquam
395 3649 580 3721 compererat.
624 3643 707 3704 Haec
728 3643 798 3702 mihi
819 3641 855 3702 de
876 3639 950 3699 male
971 3637 1074 3696 viven-

77 3746 303 3875 ndfflgfdu'
322 3755 388 3810 Cui.
407 3789 440 3799 -
454 3760 487 3829 2)
505 3759 526 3813 ll
543 3758 796 3813 momordebsut.
815 3755 1075 3824 —3)ll-momor-
