2608 4252
379 279 435 342 DE
454 278 611 342 SANCTA
629 278 771 342 MARIA.
1050 280 1090 340 tt

74 401 107 462 ihi
125 402 199 466 solus
226 402 341 466 sederet
367 403 415 465 val
445 403 522 464 unde
549 404 660 464 veniret
687 403 925 479 adinterrogasset
936 398 969 482 ¹),
997 402 1094 462 omnia

74 505 140 565 quae
164 493 237 552 circa
264 507 296 552 se
317 498 399 568 gesta
427 498 508 565 sunt,
536 509 573 552 ne
600 490 707 552 laicum
729 490 949 564 scandalizaret,
971 506 1023 566 per
1044 506 1094 549 or-

74 576 156 636 dinem
193 579 332 638 recitavit
378 579 460 640 Tune
490 579 553 638 ille:
585 577 758 654 Exspectate
792 577 840 637 hic
870 576 969 650 irater,
1002 576 1094 638 donec

75 679 166 738 equum
177 665 261 726 vohis
279 664 429 726 adducam.
471 665 546 724 Mira
567 682 621 724 res.
653 665 818 728 Festinante
838 663 888 722 illo
909 662 947 721 ad
960 669 1094 737 castrum,

74 751 178 827 angelus
192 751 308 812 Domini
329 752 502 812 monachum
522 754 552 810 in
567 757 711 811 momento
732 754 761 810 in
782 750 886 824 locum,
909 749 944 808 da
967 766 1023 824 quo
1044 756 1094 808 tu-

74 835 251 913 inutilium,
279 841 415 914 reposuit
464 839 608 899 Reversus
637 838 732 912 miles,
761 855 827 896 cum
854 853 913 896 non
940 838 1095 910 invenisset

75 941 148 998 qnam
168 925 325 1000 dimiserat,
353 931 514 1002 apostatam
535 927 597 984 sive
618 927 740 984 eiectum
760 924 840 984 illum
861 925 1029 997 aestimans,
1056 919 1095 982 ad

74 1015 262 1072 nonmterium
287 1015 441 1072 cursitavit.
482 1011 532 1071 Ad
560 1010 638 1087 quod
660 1010 735 1071 dicto
758 1010 943 1088 completorio
963 1012 1095 1082 veniens,

73 1095 205 1158 hbhatem
225 1101 349 1172 vocavit,
361 1105 400 1159 et
415 1101 530 1160 ubinam
552 1098 638 1157 irater
658 1115 727 1157 suus
749 1105 824 1158 esset
844 1099 999 1173 requisivit.
1042 1095 1096 1155 Cui

74 1200 129 1244 cum
148 1183 248 1246 Abbas
268 1188 406 1262 signaret,
430 1192 463 1245 ut
484 1189 663 1261 exspectaret
682 1203 774 1261 usque
796 1202 894 1259 mane,
916 1190 945 1243 et
964 1183 1011 1242 ille
1032 1189 1095 1242 tur·
1184 1257 1190 1266 ι

74 1269 149 1332 batus
166 1271 362 1348 responderet,
389 1275 450 1332 scio
472 1275 540 1349 quia
561 1275 682 1332 eiecistis
703 1289 778 1345 eum,
798 1274 1009 1346 minareturque
1030 1285 1096 1354 mo·

74 1360 198 1434 ιιιιιιιιο,
217 1367 302 1436 rupto
324 1360 434 1420 silentio
455 1360 601 1435 respondit
620 1358 738 1419 Ahhas:
760 1359 817 1416 Per
836 1357 981 1418 licentiam
1000 1375 1095 1417 meam

74 1443 107 1502 ad
124 1449 277 1520 proximam
296 1449 444 1522 grangiam
462 1448 608 1522 equitavit,
629 1463 687 1505 non
709 1445 807 1506 dubito
822 1447 892 1520 quin
905 1445 944 1504 ibi
958 1446 1003 1503 sit.
1044 1444 1095 1504 Ic·
1140 1469 1143 1484 =

75 1538 131 1588 runt
149 1533 242 1606 simrrl,
270 1540 300 1591 ct
324 1536 354 1592 in
375 1533 486 1609 capella
506 1550 708 1610 conversorum
729 1538 858 1592 orantem
878 1527 990 1610 illum2)
1012 1533 1096 1590 inve-

76 1625 172 1677 nerunt.
211 1620 250 1679 Et
277 1626 472 1697 cognoverunt
500 1637 535 1680 ex
563 1621 724 1681 testimonio
746 1618 873 1692 illorum,
906 1620 973 1692 quia
994 1616 1096 1677 eadem

76 1701 211 1781 horaque
235 1706 317 1767 miles
339 1725 411 1771 eum
425 1709 505 1766 iuxta
526 1714 650 1766 castrum
671 1706 836 1782 reliquerat,
865 1703 986 1764 eandem
1007 1721 1096 1780 gran·

76 1792 142 1865 giam
160 1795 303 1854 intraverit
314 1790 346 1874 ³).
386 1792 589 1854 NOVIOIUS:
617 1794 653 1854 In
675 1794 719 1852 his
741 1809 815 1867 quae
837 1792 914 1851 dicta
936 1796 1017 1866 sunt,
1041 1807 1096 1867 pa-

77 1894 129 1935 rem
146 1878 219 1940 hunc
246 1880 341 1941 iudico
369 1882 461 1940 virum
483 1881 595 1941 duobus
616 1883 738 1957 antiquis
759 1879 924 1954 Prophetis,
953 1875 1097 1937 Ezechieli

78 1964 173 2024 scilicet
201 1975 229 2026 et
248 1966 380 2027 Abacuc.
421 1968 466 2026 lix
497 1969 601 2044 quibus
629 1985 703 2028 uuus
731 1967 897 2026 mirabiliter
925 1965 995 2023 vidit
1023 1979 1098 2039 quae

78 2051 220 2126 agebantur
239 2056 269 2114 in
290 2053 459 2114 Jerusalem.
502 2055 585 2114 Alter
605 2071 674 2114 vero
697 2054 733 2114 de
747 2053 862 2114 Judaea
884 2053 978 2112 subito
1000 2058 1096 2110 trans-

78 2135 142 2197 latus
162 2147 204 2200 ast
222 2143 251 2200 iu
265 2141 445 2217 Babylonem
455 2137 487 2221 4)
530 2140 764 2202 MONAOHUS:
785 2139 905 2216 Aliquid
926 2138 1047 2215 amphus
1068 2139 1098 2196 in

78 2223 125 2282 islo
143 2227 294 2287 considero.
336 2227 430 2304 Magis
446 2229 646 2288 miraculosum
667 2224 807 2306 videtur⁵)
830 2243 932 2302 corpus
953 2225 1099 2302 glorifica·

81 2315 130 2368 hm
148 2316 204 2373 sivo
221 2315 359 2376 coelestes
374 2315 486 2376 ordines
508 2315 597 2375 oculis
615 2318 757 2390 corporeis
777 2331 863 2390 posse
885 2312 989 2387 videre,
1011 2329 1098 2386 quam
1208 2345 1210 2354 =

81 2397 103 2452 'n
120 2401 217 2476 spiritu,
239 2401 354 2477 qualem
370 2405 509 2461 visionem
531 2419 562 2462 se
578 2402 712 2462 Ezechiel
731 2401 837 2462 vidisse
858 2406 987 2460 testatur
1026 2396 1098 2458 ΝΟ·
1171 2400 1175 2414 ⁴

81 2481 208 2546 VlClUS·
231 2488 393 2548 Consentio.
434 2487 669 2550 MONAOHUS:
690 2489 830 2549 Maiorem
851 2488 944 2547 iudico
959 2488 1099 2546 visionem

82 2585 143 2642 quae
161 2578 294 2650 sequitur.
316 2609 357 2620 -
378 2575 434 2636 Die
456 2577 581 2652 quadam
602 2577 720 2652 angelus
735 2576 859 2636 Domini
874 2579 1011 2650 exparte
1032 2571 1098 2632 Ab·

82 2654 143 2718 hatis
161 2663 270 2737 signnm
292 2665 317 2722 ci
338 2663 418 2738 iecit,
448 2670 480 2722 ut
506 2664 544 2724 ad
565 2671 677 2739 portam
698 2666 821 2738 veniret3
850 2668 965 2722 secutus
988 2665 1032 2719 est
1050 2658 1099 2720 illa

80 2749 296 2851 praecedentem,
329 2757 358 2808 ct
384 2767 449 2810 cum
478 2751 516 2809 ad
543 2757 656 2828 portam
683 2767 740 2810 non
761 2751 915 2829 invenisset
936 2747 1098 2819 Abbatem,

81 2831 166 2892 eodem
185 2838 267 2912 signo
285 2836 404 2913 angelus
425 2853 491 2896 cum
512 2841 624 2898 traxit
617 2858 644 2896 m
661 2855 801 2912 campum.
845 2836 902 2912 Qui
923 2851 988 2894 cum
1010 2834 1099 2892 mira-

82 2923 144 2976 remr
169 2939 293 2996 quonam
321 2931 396 2984 esset
423 2926 527 2998 temus,
556 2931 586 2984 et
611 2925 658 2984 ille
686 2926 773 3000 signis
800 2939 836 2981 ex
864 2927 944 2996 parte
975 2918 1099 2980 Abbatis

81 3013 210 3079 tarenti
211 3013 295 3070 nimis
316 3017 392 3070 esset
405 3013 589 3086 importunus,
610 3016 750 3071 venerunt
770 3010 807 3068 ad
825 3007 966 3111 quosdam
987 3012 1099 3068 montes

82 3091 141 3152 nli
126 3091 207 3156 h.mes
258 3097 369 3174 Quibus
391 3099 576 3172 transmissis,
605 3098 732 3157 locum'
725 3098 846 3173 ingressi
867 3099 933 3156 sunt
954 3095 1100 3154 amoenis-

81 3178 180 3257 lhrtm,
199 3185 349 3244 arboribus
377 3191 407 3244 et
427 3183 530 3244 diversi
551 3187 662 3262 generis
683 3185 799 3244 floribus
820 3183 903 3241 nimis
925 3181 1099 3241 deliciosum.

82 3261 137 3326 lirat
155 3273 227 3329 enim
247 3271 399 3347 paradisus
421 3273 567 3332 terrestris
598 3272 676 3331 Inter
697 3278 792 3330 cetera
806 3285 880 3346 quae
893 3269 999 3329 ibidem
1020 3267 1100 3342 vidit,

83 3349 140 3414 duos
159 3373 240 3418 senes
254 3358 425 3434 splendidos,
446 3358 547 3418 Enoch
568 3359 701 3418 videlicet
722 3364 751 3416 et
765 3357 887 3431 Heliam,
903 3357 1050 3431 conspexit
1071 3359 1100 3414 et

82 3445 189 3513 ιὲιοιιι.
233 3445 469 3521 Tenebantque
461 3465 491 3504 ιιι
519 3449 650 3506 manibus
673 3445 777 3505 librum
801 3446 972 3517 maximum,
999 3441 1101 3500 litteris

82 3529 158 3588 meis
174 3527 345 3612 scriptum⁶),
367 3550 424 3592 uno
442 3538 554 3594 tantum
573 3533 641 3593 lolio
662 3549 765 3592 vacuo.
795 3531 834 3590 Ει
855 3530 925 3590 dixit
937 3532 964 3590 ei
980 3527 1100 3605 angelus

97 3709 122 3779 1)
137 3711 194 3766 GP
187 3727 446 3786 interrogasset,
469 3719 514 3771 B
506 3735 611 3787 ipsum
634 3720 940 3786 interrogasset-
909 3713 991 3780 -2)
1008 3710 1100 3763 illum

138 3783 272 3838 addila·
241 3789 585 3856 -3)B0intravit.-
603 3783 1023 3856 nauricorum-1435
1035 3776 1100 3844 5)ss

140 3855 216 3922 quod
232 3859 330 3927 magis
348 3858 477 3914 videtur
494 3857 725 3914 miraculorum.
735 3856 809 3921 -6)
820 3853 862 3904 BD
880 3849 1095 3913 conscriptum
