<?xml version="1.0" encoding="UTF-8"?>
<!DOCTYPE html PUBLIC "-//W3C//DTD XHTML 1.0 Transitional//EN"
    "http://www.w3.org/TR/xhtml1/DTD/xhtml1-transitional.dtd">
<html xmlns="http://www.w3.org/1999/xhtml" xml:lang="en" lang="en">
 <head>
  <title>
</title>
<meta http-equiv="Content-Type" content="text/html;charset=utf-8" />
  <meta name='ocr-system' content='tesseract 3.04.00' />
  <meta name='ocr-capabilities' content='ocr_page ocr_carea ocr_par ocr_line ocrx_word'/>
</head>
<body>
  <div class='ocr_page' id='page_1' title='image "./caesariiheister02stragoog_0049.png"; bbox 0 0 2608 4252; ppageno 0'>
   <div class='ocr_carea' id='block_1_1' title="bbox 158 201 1008 286">
    <p class='ocr_par' dir='ltr' id='par_1_1' title="bbox 158 201 1008 286">
     <span class='ocr_line' id='line_1_1' title="bbox 158 201 1008 286; baseline 0 -1"><span class='ocrx_word' id='word_1_1' title='bbox 158 227 198 286; x_wconf 83' lang='lat' dir='ltr'><strong>es</strong></span> <span class='ocrx_word' id='word_1_2' title='bbox 466 219 692 282; x_wconf 78' lang='lat' dir='ltr'><strong>orsumque</strong></span> <span class='ocrx_word' id='word_1_3' title='bbox 715 220 892 284; x_wconf 76' lang='lat' dir='ltr'><strong>suerius</strong></span> <span class='ocrx_word' id='word_1_4' title='bbox 1004 201 1008 206; x_wconf 82' lang='grc'><strong>’</strong></span> 
     </span>
    </p>
   </div>
   <div class='ocr_carea' id='block_1_2' title="bbox 130 343 1296 1553">
    <p class='ocr_par' dir='ltr' id='par_1_2' title="bbox 156 343 1293 1029">
     <span class='ocr_line' id='line_1_2' title="bbox 157 343 1289 421; baseline 0 -13"><span class='ocrx_word' id='word_1_5' title='bbox 157 345 328 408; x_wconf 80' lang='lat' dir='ltr'><strong>miraculum</strong></span> <span class='ocrx_word' id='word_1_6' title='bbox 348 345 405 404; x_wconf 92' lang='lat' dir='ltr'><strong>Dei</strong></span> <span class='ocrx_word' id='word_1_7' title='bbox 427 343 578 404; x_wconf 84' lang='lat' dir='ltr'><strong>Genitricis</strong></span> <span class='ocrx_word' id='word_1_8' title='bbox 599 345 705 402; x_wconf 80' lang='lat' dir='ltr'><strong>nerim</strong></span> <span class='ocrx_word' id='word_1_9' title='bbox 728 347 803 404; x_wconf 87' lang='lat' dir='ltr'><strong>eirca</strong></span> <span class='ocrx_word' id='word_1_10' title='bbox 825 362 857 404; x_wconf 85' lang='lat' dir='ltr'><strong>se</strong></span> <span class='ocrx_word' id='word_1_11' title='bbox 878 349 1005 421; x_wconf 83' lang='lat' dir='ltr'><strong>gestum,</strong></span> <span class='ocrx_word' id='word_1_12' title='bbox 1028 361 1112 408; x_wconf 81' lang='lat' dir='ltr'><strong>servo</strong></span> <span class='ocrx_word' id='word_1_13' title='bbox 1133 364 1209 408; x_wconf 89' lang='lat' dir='ltr'><strong>rur-</strong></span> <span class='ocrx_word' id='word_1_14' title='bbox 1288 406 1289 416; x_wconf 68' lang='grc'>,</span> 
     </span>
     <span class='ocr_line' id='line_1_3' title="bbox 158 432 1290 506; baseline 0 -12"><span class='ocrx_word' id='word_1_15' title='bbox 158 453 223 494; x_wconf 84' lang='lat' dir='ltr'><strong>aum</strong></span> <span class='ocrx_word' id='word_1_16' title='bbox 243 433 455 506; x_wconf 66' lang='lat' dir='ltr'><strong>obdormiente,</strong></span> <span class='ocrx_word' id='word_1_17' title='bbox 482 433 582 490; x_wconf 89' lang='lat' dir='ltr'><strong>leniter</strong></span> <span class='ocrx_word' id='word_1_18' title='bbox 602 434 737 504; x_wconf 81' lang='lat' dir='ltr'><strong>surrexit,</strong></span> <span class='ocrx_word' id='word_1_19' title='bbox 771 439 801 492; x_wconf 86' lang='lat' dir='ltr'><strong>at</strong></span> <span class='ocrx_word' id='word_1_20' title='bbox 828 432 945 492; x_wconf 71' lang='lat' dir='ltr'><strong>nucula</strong></span> <span class='ocrx_word' id='word_1_21' title='bbox 965 433 1060 494; x_wconf 90' lang='lat' dir='ltr'><strong>adhuc</strong></span> <span class='ocrx_word' id='word_1_22' title='bbox 1081 449 1211 496; x_wconf 85' lang='lat' dir='ltr'><strong>servans</strong></span> <span class='ocrx_word' id='word_1_23' title='bbox 1288 473 1290 494; x_wconf 55' lang='grc' dir='ltr'><strong>ι</strong></span> 
     </span>
     <span class='ocr_line' id='line_1_4' title="bbox 157 506 1292 612; baseline 0.002 -32"><span class='ocrx_word' id='word_1_24' title='bbox 157 525 187 580; x_wconf 92' lang='lat' dir='ltr'><strong>in</strong></span> <span class='ocrx_word' id='word_1_25' title='bbox 212 539 271 580; x_wconf 92' lang='lat' dir='ltr'><strong>uuo</strong></span> <span class='ocrx_word' id='word_1_26' title='bbox 298 520 386 597; x_wconf 89' lang='lat' dir='ltr'><strong>pede,</strong></span> <span class='ocrx_word' id='word_1_27' title='bbox 415 537 466 595; x_wconf 92' lang='lat' dir='ltr'><strong>per</strong></span> <span class='ocrx_word' id='word_1_28' title='bbox 486 518 660 576; x_wconf 88' lang='lat' dir='ltr'><strong>lintheamen</strong></span> <span class='ocrx_word' id='word_1_29' title='bbox 689 536 741 593; x_wconf 90' lang='lat' dir='ltr'><strong>per</strong></span> <span class='ocrx_word' id='word_1_30' title='bbox 760 519 915 580; x_wconf 76' lang='lat' dir='ltr'><strong>fenestram</strong></span> <span class='ocrx_word' id='word_1_31' title='bbox 936 537 969 580; x_wconf 89' lang='lat' dir='ltr'><strong>se</strong></span> <span class='ocrx_word' id='word_1_32' title='bbox 990 519 1103 580; x_wconf 80' lang='lat' dir='ltr'><strong>demisit</strong></span> <span class='ocrx_word' id='word_1_33' title='bbox 1118 518 1144 602; x_wconf 88' lang='lat'><strong>¹),</strong></span> <span class='ocrx_word' id='word_1_34' title='bbox 1174 521 1208 582; x_wconf 81' lang='lat' dir='ltr'><strong>at</strong></span> <span class='ocrx_word' id='word_1_35' title='bbox 1288 506 1292 612; x_wconf 64' lang='lat' dir='ltr'><strong>i</strong></span> 
     </span>
     <span class='ocr_line' id='line_1_5' title="bbox 157 606 1293 686; baseline 0.002 -18"><span class='ocrx_word' id='word_1_36' title='bbox 157 609 237 686; x_wconf 83' lang='lat' dir='ltr'><strong>fugit.</strong></span> <span class='ocrx_word' id='word_1_37' title='bbox 289 607 374 683; x_wconf 86' lang='lat' dir='ltr'><strong>Quod</strong></span> <span class='ocrx_word' id='word_1_38' title='bbox 403 606 471 665; x_wconf 91' lang='lat' dir='ltr'><strong>dum</strong></span> <span class='ocrx_word' id='word_1_39' title='bbox 500 623 599 664; x_wconf 88' lang='lat' dir='ltr'><strong>servus</strong></span> <span class='ocrx_word' id='word_1_40' title='bbox 628 607 829 682; x_wconf 83' lang='lat' dir='ltr'><strong>comperisset,</strong></span> <span class='ocrx_word' id='word_1_41' title='bbox 858 607 982 668; x_wconf 87' lang='lat' dir='ltr'><strong>clamore</strong></span> <span class='ocrx_word' id='word_1_42' title='bbox 1010 607 1108 684; x_wconf 84' lang='lat' dir='ltr'><strong>sugam</strong></span> <span class='ocrx_word' id='word_1_43' title='bbox 1135 611 1211 670; x_wconf 79' lang='lat' dir='ltr'><strong>eiua</strong></span> <span class='ocrx_word' id='word_1_44' title='bbox 1291 612 1293 676; x_wconf 84' lang='lat' dir='ltr'><strong>l</strong></span> 
     </span>
     <span class='ocr_line' id='line_1_6' title="bbox 156 691 1293 771; baseline 0.003 -17"><span class='ocrx_word' id='word_1_45' title='bbox 156 693 292 771; x_wconf 79' lang='lat' dir='ltr'><strong>prodidit3</strong></span> <span class='ocrx_word' id='word_1_46' title='bbox 324 694 377 754; x_wconf 86' lang='lat' dir='ltr'><strong>sad</strong></span> <span class='ocrx_word' id='word_1_47' title='bbox 405 709 507 751; x_wconf 87' lang='lat' dir='ltr'><strong>manus</strong></span> <span class='ocrx_word' id='word_1_48' title='bbox 534 691 661 752; x_wconf 89' lang='lat' dir='ltr'><strong>humanu</strong></span> <span class='ocrx_word' id='word_1_49' title='bbox 682 710 785 767; x_wconf 89' lang='lat' dir='ltr'><strong>capere</strong></span> <span class='ocrx_word' id='word_1_50' title='bbox 805 711 864 752; x_wconf 92' lang='lat' dir='ltr'><strong>uon</strong></span> <span class='ocrx_word' id='word_1_51' title='bbox 885 696 979 768; x_wconf 89' lang='lat' dir='ltr'><strong>potuit</strong></span> <span class='ocrx_word' id='word_1_52' title='bbox 999 711 1087 770; x_wconf 88' lang='lat' dir='ltr'><strong>quem</strong></span> <span class='ocrx_word' id='word_1_53' title='bbox 1107 697 1209 757; x_wconf 81' lang='lat' dir='ltr'><strong>virtus</strong></span> <span class='ocrx_word' id='word_1_54' title='bbox 1292 709 1293 732; x_wconf 64' lang='lat'><strong>³</strong></span> 
     </span>
     <span class='ocr_line' id='line_1_7' title="bbox 158 777 1208 865; baseline 0.003 -24"><span class='ocrx_word' id='word_1_55' title='bbox 158 783 255 844; x_wconf 82' lang='lat' dir='ltr'><strong>divine</strong></span> <span class='ocrx_word' id='word_1_56' title='bbox 275 783 406 858; x_wconf 80' lang='lat' dir='ltr'><strong>protexit</strong></span> <span class='ocrx_word' id='word_1_57' title='bbox 447 779 534 838; x_wconf 89' lang='lat' dir='ltr'><strong>Multi</strong></span> <span class='ocrx_word' id='word_1_58' title='bbox 563 795 629 865; x_wconf 85' lang='lat' dir='ltr'><strong>eum</strong></span> <span class='ocrx_word' id='word_1_59' title='bbox 641 777 662 858; x_wconf 74' lang='grc' dir='ltr'><strong>ι)</strong></span> <span class='ocrx_word' id='word_1_60' title='bbox 684 780 761 851; x_wconf 79' lang='lat' dir='ltr'><strong>tubis</strong></span> <span class='ocrx_word' id='word_1_61' title='bbox 784 786 812 840; x_wconf 89' lang='lat' dir='ltr'><strong>et</strong></span> <span class='ocrx_word' id='word_1_62' title='bbox 833 782 952 840; x_wconf 89' lang='lat' dir='ltr'><strong>canibus</strong></span> <span class='ocrx_word' id='word_1_63' title='bbox 972 783 1096 842; x_wconf 81' lang='lat' dir='ltr'><strong>insecuti</strong></span> <span class='ocrx_word' id='word_1_64' title='bbox 1115 791 1208 859; x_wconf 84' lang='lat' dir='ltr'><strong>suut,</strong></span> 
     </span>
     <span class='ocr_line' id='line_1_8' title="bbox 158 866 1207 943; baseline 0 -14"><span class='ocrx_word' id='word_1_65' title='bbox 158 877 281 930; x_wconf 88' lang='lat' dir='ltr'><strong>etcum</strong></span> <span class='ocrx_word' id='word_1_66' title='bbox 310 870 423 942; x_wconf 88' lang='lat' dir='ltr'><strong>saepius</strong></span> <span class='ocrx_word' id='word_1_67' title='bbox 450 868 480 923; x_wconf 92' lang='lat' dir='ltr'><strong>in</strong></span> <span class='ocrx_word' id='word_1_68' title='bbox 509 867 638 941; x_wconf 79' lang='lat' dir='ltr'><strong>proximo</strong></span> <span class='ocrx_word' id='word_1_69' title='bbox 668 866 721 924; x_wconf 89' lang='lat' dir='ltr'><strong>sub</strong></span> <span class='ocrx_word' id='word_1_70' title='bbox 754 867 882 926; x_wconf 79' lang='lat' dir='ltr'><strong>frutectis</strong></span> <span class='ocrx_word' id='word_1_71' title='bbox 903 867 1043 943; x_wconf 87' lang='lat' dir='ltr'><strong>latitaret,</strong></span> <span class='ocrx_word' id='word_1_72' title='bbox 1070 870 1207 929; x_wconf 89' lang='lat' dir='ltr'><strong>invenire</strong></span> 
     </span>
     <span class='ocr_line' id='line_1_9' title="bbox 159 952 1206 1029; baseline 0.002 -14"><span class='ocrx_word' id='word_1_73' title='bbox 159 975 224 1016; x_wconf 90' lang='lat' dir='ltr'><strong>eum</strong></span> <span class='ocrx_word' id='word_1_74' title='bbox 253 972 311 1014; x_wconf 93' lang='lat' dir='ltr'><strong>non</strong></span> <span class='ocrx_word' id='word_1_75' title='bbox 338 959 499 1029; x_wconf 86' lang='lat' dir='ltr'><strong>potueruut</strong></span> <span class='ocrx_word' id='word_1_76' title='bbox 550 952 607 1028; x_wconf 88' lang='lat' dir='ltr'><strong>Qui</strong></span> <span class='ocrx_word' id='word_1_77' title='bbox 635 952 674 1012; x_wconf 89' lang='lat' dir='ltr'><strong>ad</strong></span> <span class='ocrx_word' id='word_1_78' title='bbox 702 969 755 1012; x_wconf 88' lang='lat' dir='ltr'><strong>nos</strong></span> <span class='ocrx_word' id='word_1_79' title='bbox 776 956 903 1027; x_wconf 85' lang='lat' dir='ltr'><strong>veniens,</strong></span> <span class='ocrx_word' id='word_1_80' title='bbox 931 956 1048 1014; x_wconf 90' lang='lat' dir='ltr'><strong>eosdem</strong></span> <span class='ocrx_word' id='word_1_81' title='bbox 1077 957 1206 1016; x_wconf 83' lang='lat' dir='ltr'><strong>circulos</strong></span> 
     </span>
    </p>

    <p class='ocr_par' dir='ltr' id='par_1_3' title="bbox 155 1039 1207 1120">
     <span class='ocr_line' id='line_1_10' title="bbox 155 1039 1207 1120; baseline 0 -18"><span class='ocrx_word' id='word_1_82' title='bbox 155 1061 208 1120; x_wconf 90' lang='lat' dir='ltr'><strong>pro</strong></span> <span class='ocrx_word' id='word_1_83' title='bbox 229 1044 383 1120; x_wconf 88' lang='lat' dir='ltr'><strong>gratiarum</strong></span> <span class='ocrx_word' id='word_1_84' title='bbox 406 1041 517 1098; x_wconf 89' lang='lat' dir='ltr'><strong>actione</strong></span> <span class='ocrx_word' id='word_1_85' title='bbox 539 1057 624 1114; x_wconf 88' lang='lat' dir='ltr'><strong>super</strong></span> <span class='ocrx_word' id='word_1_86' title='bbox 645 1039 734 1098; x_wconf 84' lang='lat' dir='ltr'><strong>altare</strong></span> <span class='ocrx_word' id='word_1_87' title='bbox 756 1039 859 1100; x_wconf 89' lang='lat' dir='ltr'><strong>beatae</strong></span> <span class='ocrx_word' id='word_1_88' title='bbox 881 1042 1007 1118; x_wconf 85' lang='lat' dir='ltr'><strong>Virginis</strong></span> <span class='ocrx_word' id='word_1_89' title='bbox 1035 1042 1147 1118; x_wconf 81' lang='lat' dir='ltr'><strong>obnuit,</strong></span> <span class='ocrx_word' id='word_1_90' title='bbox 1171 1050 1207 1104; x_wconf 86' lang='lat' dir='ltr'><strong>et</strong></span> 
     </span>
    </p>

    <p class='ocr_par' dir='ltr' id='par_1_4' title="bbox 130 1125 1296 1553">
     <span class='ocr_line' id='line_1_11' title="bbox 130 1125 1207 1206; baseline 0 -17"><span class='ocrx_word' id='word_1_91' title='bbox 130 1147 133 1158; x_wconf 90' lang='lat'>·</span> <span class='ocrx_word' id='word_1_92' title='bbox 157 1129 279 1206; x_wconf 87' lang='lat' dir='ltr'><strong>qualiter</strong></span> <span class='ocrx_word' id='word_1_93' title='bbox 300 1130 360 1186; x_wconf 89' lang='lat' dir='ltr'><strong>eius</strong></span> <span class='ocrx_word' id='word_1_94' title='bbox 378 1128 484 1184; x_wconf 88' lang='lat' dir='ltr'><strong>meritis</strong></span> <span class='ocrx_word' id='word_1_95' title='bbox 509 1125 645 1184; x_wconf 86' lang='lat' dir='ltr'><strong>liberatus</strong></span> <span class='ocrx_word' id='word_1_96' title='bbox 667 1128 712 1202; x_wconf 87' lang='lat' dir='ltr'><strong>sit,</strong></span> <span class='ocrx_word' id='word_1_97' title='bbox 733 1127 816 1186; x_wconf 89' lang='lat' dir='ltr'><strong>nobis</strong></span> <span class='ocrx_word' id='word_1_98' title='bbox 838 1128 1040 1203; x_wconf 80' lang='lat' dir='ltr'><strong>per,ordinem</strong></span> <span class='ocrx_word' id='word_1_99' title='bbox 1060 1132 1207 1190; x_wconf 88' lang='lat' dir='ltr'><strong>recitavit.</strong></span> 
     </span>
     <span class='ocr_line' id='line_1_12' title="bbox 155 1213 1207 1290; baseline -0.001 -12"><span class='ocrx_word' id='word_1_100' title='bbox 155 1217 233 1278; x_wconf 85' lang='lat' dir='ltr'><strong>Acta</strong></span> <span class='ocrx_word' id='word_1_101' title='bbox 261 1221 328 1273; x_wconf 88' lang='lat' dir='ltr'><strong>sunt</strong></span> <span class='ocrx_word' id='word_1_102' title='bbox 355 1213 428 1272; x_wconf 86' lang='lat' dir='ltr'><strong>haec</strong></span> <span class='ocrx_word' id='word_1_103' title='bbox 457 1230 532 1271; x_wconf 90' lang='lat' dir='ltr'><strong>anno</strong></span> <span class='ocrx_word' id='word_1_104' title='bbox 561 1215 670 1290; x_wconf 87' lang='lat' dir='ltr'><strong>gratiae</strong></span> <span class='ocrx_word' id='word_1_105' title='bbox 700 1215 848 1273; x_wconf 90' lang='lat' dir='ltr'><strong>millesimo</strong></span> <span class='ocrx_word' id='word_1_106' title='bbox 871 1214 1066 1275; x_wconf 85' lang='lat' dir='ltr'><strong>ducentesimo</strong></span> <span class='ocrx_word' id='word_1_107' title='bbox 1088 1216 1207 1278; x_wconf 89' lang='lat' dir='ltr'><strong>decimo</strong></span> 
     </span>
     <span class='ocr_line' id='line_1_13' title="bbox 155 1299 1207 1378; baseline 0.005 -17"><span class='ocrx_word' id='word_1_108' title='bbox 155 1319 240 1378; x_wconf 81' lang='lat' dir='ltr'><strong>nono.</strong></span> <span class='ocrx_word' id='word_1_109' title='bbox 272 1299 475 1360; x_wconf 83' lang='lat' dir='ltr'>NOVICIUS:</span> <span class='ocrx_word' id='word_1_110' title='bbox 498 1299 573 1375; x_wconf 86' lang='lat' dir='ltr'><strong>Quia</strong></span> <span class='ocrx_word' id='word_1_111' title='bbox 595 1300 712 1360; x_wconf 90' lang='lat' dir='ltr'><strong>eosdem</strong></span> <span class='ocrx_word' id='word_1_112' title='bbox 730 1301 850 1362; x_wconf 86' lang='lat' dir='ltr'><strong>circulos</strong></span> <span class='ocrx_word' id='word_1_113' title='bbox 872 1301 939 1376; x_wconf 88' lang='lat' dir='ltr'><strong>vidi,</strong></span> <span class='ocrx_word' id='word_1_114' title='bbox 959 1302 1083 1378; x_wconf 84' lang='lat' dir='ltr'><strong>amphus</strong></span> <span class='ocrx_word' id='word_1_115' title='bbox 1105 1303 1207 1366; x_wconf 82' lang='lat' dir='ltr'><strong>eidem</strong></span> 
     </span>
     <span class='ocr_line' id='line_1_14' title="bbox 151 1385 1296 1465; baseline -0.003 -16"><span class='ocrx_word' id='word_1_116' title='bbox 151 1389 270 1454; x_wconf 62' lang='lat' dir='ltr'><strong>„credam</strong></span> <span class='ocrx_word' id='word_1_117' title='bbox 283 1387 428 1447; x_wconf 89' lang='lat' dir='ltr'><strong>miraculo.</strong></span> <span class='ocrx_word' id='word_1_118' title='bbox 471 1385 705 1446; x_wconf 83' lang='lat' dir='ltr'>MONACHUS:</span> <span class='ocrx_word' id='word_1_119' title='bbox 727 1387 774 1447; x_wconf 88' lang='lat' dir='ltr'><strong>De</strong></span> <span class='ocrx_word' id='word_1_120' title='bbox 795 1388 851 1448; x_wconf 91' lang='lat' dir='ltr'><strong>hoc</strong></span> <span class='ocrx_word' id='word_1_121' title='bbox 874 1391 960 1448; x_wconf 91' lang='lat' dir='ltr'><strong>etiam</strong></span> <span class='ocrx_word' id='word_1_122' title='bbox 981 1389 1060 1465; x_wconf 90' lang='lat' dir='ltr'><strong>quod</strong></span> <span class='ocrx_word' id='word_1_123' title='bbox 1082 1391 1206 1456; x_wconf 84' lang='lat' dir='ltr'><strong>timores</strong></span> <span class='ocrx_word' id='word_1_124' title='bbox 1295 1406 1296 1445; x_wconf 80' lang='lat'>1</span> 
     </span>
     <span class='ocr_line' id='line_1_15' title="bbox 155 1473 1158 1553; baseline 0.002 -17"><span class='ocrx_word' id='word_1_125' title='bbox 155 1476 245 1553; x_wconf 89' lang='lat' dir='ltr'><strong>pellat</strong></span> <span class='ocrx_word' id='word_1_126' title='bbox 264 1491 368 1534; x_wconf 91' lang='lat' dir='ltr'><strong>nomen</strong></span> <span class='ocrx_word' id='word_1_127' title='bbox 390 1473 507 1549; x_wconf 88' lang='lat' dir='ltr'><strong>Mariae,</strong></span> <span class='ocrx_word' id='word_1_128' title='bbox 529 1491 590 1533; x_wconf 90' lang='lat' dir='ltr'><strong>rem</strong></span> <span class='ocrx_word' id='word_1_129' title='bbox 612 1491 700 1550; x_wconf 91' lang='lat' dir='ltr'><strong>quam</strong></span> <span class='ocrx_word' id='word_1_130' title='bbox 720 1481 812 1551; x_wconf 82' lang='lat' dir='ltr'><strong>nuper</strong></span> <span class='ocrx_word' id='word_1_131' title='bbox 833 1477 931 1536; x_wconf 87' lang='lat' dir='ltr'><strong>audivi</strong></span> <span class='ocrx_word' id='word_1_132' title='bbox 952 1477 1004 1536; x_wconf 88' lang='lat' dir='ltr'><strong>libi</strong></span> <span class='ocrx_word' id='word_1_133' title='bbox 1025 1477 1158 1540; x_wconf 79' lang='lat' dir='ltr'><strong>referam.</strong></span> 
     </span>
    </p>
   </div>
   <div class='ocr_carea' id='block_1_3' title="bbox 490 1665 865 1727">
    <p class='ocr_par' dir='ltr' id='par_1_5' title="bbox 490 1665 865 1727">
     <span class='ocr_line' id='line_1_16' title="bbox 490 1665 865 1727; baseline 0.003 -2"><span class='ocrx_word' id='word_1_134' title='bbox 490 1665 723 1727; x_wconf 79' lang='lat' dir='ltr'><strong>CAPITULUM</strong></span> <span class='ocrx_word' id='word_1_135' title='bbox 743 1667 865 1726; x_wconf 87' lang='lat' dir='ltr'>XXIX.</span> 
     </span>
    </p>
   </div>
   <div class='ocr_carea' id='block_1_4' title="bbox 104 1788 1137 1952">
    <p class='ocr_par' dir='ltr' id='par_1_6' title="bbox 104 1788 1137 1952">
     <span class='ocr_line' id='line_1_17' title="bbox 104 1788 1137 1867; baseline 0.003 -20"><span class='ocrx_word' id='word_1_136' title='bbox 104 1841 107 1847; x_wconf 90' lang='lat'><strong>.</strong></span> <span class='ocrx_word' id='word_1_137' title='bbox 204 1789 273 1856; x_wconf 82' lang='lat' dir='ltr'><strong>¹De</strong></span> <span class='ocrx_word' id='word_1_138' title='bbox 294 1789 444 1848; x_wconf 77' lang='lat' dir='ltr'><strong>sacerdote</strong></span> <span class='ocrx_word' id='word_1_139' title='bbox 465 1788 500 1848; x_wconf 80' lang='lat' dir='ltr'><strong>dc</strong></span> <span class='ocrx_word' id='word_1_140' title='bbox 523 1789 640 1864; x_wconf 85' lang='lat' dir='ltr'><strong>Polepe,</strong></span> <span class='ocrx_word' id='word_1_141' title='bbox 666 1791 714 1847; x_wconf 83' lang='lat' dir='ltr'><strong>cui</strong></span> <span class='ocrx_word' id='word_1_142' title='bbox 735 1797 840 1848; x_wconf 81' lang='lat' dir='ltr'><strong>sancta</strong></span> <span class='ocrx_word' id='word_1_143' title='bbox 860 1789 964 1849; x_wconf 86' lang='lat' dir='ltr'><strong>Morio</strong></span> <span class='ocrx_word' id='word_1_144' title='bbox 986 1807 1137 1867; x_wconf 78' lang='lat' dir='ltr'><strong>apparens</strong></span> 
     </span>
     <span class='ocr_line' id='line_1_18' title="bbox 402 1878 956 1952; baseline 0 -16"><span class='ocrx_word' id='word_1_145' title='bbox 402 1878 519 1936; x_wconf 83' lang='lat' dir='ltr'><strong>timores</strong></span> <span class='ocrx_word' id='word_1_146' title='bbox 550 1879 751 1952; x_wconf 72' lang='lat' dir='ltr'><strong>toniirqomem</strong></span> <span class='ocrx_word' id='word_1_147' title='bbox 774 1881 956 1952; x_wconf 76' lang='lat' dir='ltr'><strong>temperavit.</strong></span> 
     </span>
    </p>
   </div>
   <div class='ocr_carea' id='block_1_5' title="bbox 156 1989 1206 3640">
    <p class='ocr_par' dir='ltr' id='par_1_7' title="bbox 156 1989 1206 3640">
     <span class='ocr_line' id='line_1_19' title="bbox 222 1989 1206 2075; baseline 0.006 -21"><span class='ocrx_word' id='word_1_148' title='bbox 222 1996 258 2054; x_wconf 91' lang='lat' dir='ltr'><strong>Iu</strong></span> <span class='ocrx_word' id='word_1_149' title='bbox 279 1995 386 2072; x_wconf 87' lang='lat' dir='ltr'><strong>Polegs</strong></span> <span class='ocrx_word' id='word_1_150' title='bbox 398 1989 419 2075; x_wconf 86' lang='lat'><strong>³)</strong></span> <span class='ocrx_word' id='word_1_151' title='bbox 441 1995 510 2056; x_wconf 87' lang='lat' dir='ltr'><strong>villa</strong></span> <span class='ocrx_word' id='word_1_152' title='bbox 530 1996 679 2056; x_wconf 83' lang='lat' dir='ltr'><strong>Diocaesis</strong></span> <span class='ocrx_word' id='word_1_153' title='bbox 706 1995 889 2058; x_wconf 83' lang='lat' dir='ltr'><strong>Treverensis</strong></span> <span class='ocrx_word' id='word_1_154' title='bbox 918 1996 1052 2058; x_wconf 85' lang='lat' dir='ltr'><strong>sacerdos</strong></span> <span class='ocrx_word' id='word_1_155' title='bbox 1082 1999 1206 2074; x_wconf 88' lang='lat' dir='ltr'><strong>quidam</strong></span> 
     </span>
     <span class='ocr_line' id='line_1_20' title="bbox 159 2083 1205 2161; baseline 0.005 -18"><span class='ocrx_word' id='word_1_156' title='bbox 159 2083 324 2161; x_wconf 82' lang='lat' dir='ltr'><strong>parochiam</strong></span> <span class='ocrx_word' id='word_1_157' title='bbox 355 2087 441 2160; x_wconf 87' lang='lat' dir='ltr'><strong>ragit,</strong></span> <span class='ocrx_word' id='word_1_158' title='bbox 472 2086 516 2143; x_wconf 87' lang='lat' dir='ltr'><strong>vir</strong></span> <span class='ocrx_word' id='word_1_159' title='bbox 548 2083 705 2144; x_wconf 88' lang='lat' dir='ltr'><strong>seeundum</strong></span> <span class='ocrx_word' id='word_1_160' title='bbox 733 2103 816 2146; x_wconf 85' lang='lat' dir='ltr'><strong>suam</strong></span> <span class='ocrx_word' id='word_1_161' title='bbox 844 2085 1062 2160; x_wconf 85' lang='lat' dir='ltr'><strong>possibilitatem</strong></span> <span class='ocrx_word' id='word_1_162' title='bbox 1090 2087 1205 2148; x_wconf 75' lang='lat' dir='ltr'><strong>midiae</strong></span> 
     </span>
     <span class='ocr_line' id='line_1_21' title="bbox 158 2169 1205 2247; baseline 0.002 -17"><span class='ocrx_word' id='word_1_163' title='bbox 158 2169 372 2247; x_wconf 82' lang='lat' dir='ltr'><strong>hospitalitatis,</strong></span> <span class='ocrx_word' id='word_1_164' title='bbox 399 2178 486 2246; x_wconf 88' lang='lat' dir='ltr'><strong>atque</strong></span> <span class='ocrx_word' id='word_1_165' title='bbox 515 2170 676 2230; x_wconf 80' lang='lat' dir='ltr'><strong>laudandae</strong></span> <span class='ocrx_word' id='word_1_166' title='bbox 706 2175 850 2232; x_wconf 85' lang='lat' dir='ltr'><strong>castitatis.</strong></span> <span class='ocrx_word' id='word_1_167' title='bbox 893 2171 999 2234; x_wconf 84' lang='lat' dir='ltr'><strong>Adhuc</strong></span> <span class='ocrx_word' id='word_1_168' title='bbox 1028 2174 1106 2232; x_wconf 89' lang='lat' dir='ltr'><strong>cuim</strong></span> <span class='ocrx_word' id='word_1_169' title='bbox 1134 2190 1205 2234; x_wconf 86' lang='lat' dir='ltr'><strong>cor-</strong></span> 
     </span>
     <span class='ocr_line' id='line_1_22' title="bbox 158 2255 1205 2339; baseline 0.004 -21"><span class='ocrx_word' id='word_1_170' title='bbox 158 2275 228 2334; x_wconf 88' lang='lat' dir='ltr'><strong>pore</strong></span> <span class='ocrx_word' id='word_1_171' title='bbox 249 2260 329 2335; x_wconf 82' lang='lat' dir='ltr'><strong>virgo</strong></span> <span class='ocrx_word' id='word_1_172' title='bbox 352 2265 404 2316; x_wconf 90' lang='lat' dir='ltr'><strong>est.</strong></span> <span class='ocrx_word' id='word_1_173' title='bbox 445 2258 502 2317; x_wconf 92' lang='lat' dir='ltr'><strong>Die</strong></span> <span class='ocrx_word' id='word_1_174' title='bbox 525 2257 649 2333; x_wconf 90' lang='lat' dir='ltr'><strong>quadam</strong></span> <span class='ocrx_word' id='word_1_175' title='bbox 671 2255 844 2339; x_wconf 67' lang='lat' dir='ltr'><strong>quendaml)</strong></span> <span class='ocrx_word' id='word_1_176' title='bbox 873 2276 907 2318; x_wconf 82' lang='lat' dir='ltr'><strong>ex</strong></span> <span class='ocrx_word' id='word_1_177' title='bbox 930 2261 1073 2320; x_wconf 83' lang='lat' dir='ltr'><strong>conversis</strong></span> <span class='ocrx_word' id='word_1_178' title='bbox 1096 2265 1205 2322; x_wconf 82' lang='lat' dir='ltr'><strong>nostris</strong></span> 
     </span>
     <span class='ocr_line' id='line_1_23' title="bbox 157 2344 1205 2422; baseline 0.003 -17"><span class='ocrx_word' id='word_1_179' title='bbox 157 2345 282 2422; x_wconf 87' lang='lat' dir='ltr'><strong>hospitio</strong></span> <span class='ocrx_word' id='word_1_180' title='bbox 303 2347 456 2421; x_wconf 79' lang='lat' dir='ltr'><strong>recipiam,</strong></span> <span class='ocrx_word' id='word_1_181' title='bbox 484 2346 524 2404; x_wconf 87' lang='lat' dir='ltr'><strong>ait</strong></span> <span class='ocrx_word' id='word_1_182' title='bbox 551 2345 589 2404; x_wconf 90' lang='lat' dir='ltr'><strong>ad</strong></span> <span class='ocrx_word' id='word_1_183' title='bbox 615 2345 709 2404; x_wconf 91' lang='lat' dir='ltr'><strong>illum:</strong></span> <span class='ocrx_word' id='word_1_184' title='bbox 741 2344 876 2406; x_wconf 88' lang='lat' dir='ltr'><strong>Ordinem</strong></span> <span class='ocrx_word' id='word_1_185' title='bbox 897 2352 1025 2406; x_wconf 89' lang='lat' dir='ltr'><strong>vestrum</strong></span> <span class='ocrx_word' id='word_1_186' title='bbox 1044 2345 1205 2421; x_wconf 89' lang='lat' dir='ltr'><strong>plurimum</strong></span> 
     </span>
     <span class='ocr_line' id='line_1_24' title="bbox 159 2431 1204 2509; baseline 0.007 -18"><span class='ocrx_word' id='word_1_187' title='bbox 159 2432 254 2508; x_wconf 87' lang='lat' dir='ltr'><strong>diligo,</strong></span> <span class='ocrx_word' id='word_1_188' title='bbox 277 2436 344 2507; x_wconf 91' lang='lat' dir='ltr'><strong>quia</strong></span> <span class='ocrx_word' id='word_1_189' title='bbox 358 2431 479 2491; x_wconf 88' lang='lat' dir='ltr'><strong>multum</strong></span> <span class='ocrx_word' id='word_1_190' title='bbox 493 2432 560 2490; x_wconf 92' lang='lat' dir='ltr'><strong>honi</strong></span> <span class='ocrx_word' id='word_1_191' title='bbox 582 2432 651 2492; x_wconf 89' lang='lat' dir='ltr'><strong>mihi</strong></span> <span class='ocrx_word' id='word_1_192' title='bbox 673 2434 791 2509; x_wconf 84' lang='lat' dir='ltr'><strong>contigit</strong></span> <span class='ocrx_word' id='word_1_193' title='bbox 812 2451 863 2508; x_wconf 88' lang='lat' dir='ltr'><strong>per</strong></span> <span class='ocrx_word' id='word_1_194' title='bbox 883 2451 958 2494; x_wconf 89' lang='lat' dir='ltr'><strong>eum.</strong></span> <span class='ocrx_word' id='word_1_195' title='bbox 999 2431 1204 2508; x_wconf 77' lang='lat' dir='ltr'><strong>Antiphonem</strong></span> 
     </span>
     <span class='ocr_line' id='line_1_25' title="bbox 157 2519 1202 2596; baseline 0.007 -19"><span class='ocrx_word' id='word_1_196' title='bbox 157 2519 236 2579; x_wconf 89' lang='lat' dir='ltr'><strong>illam</strong></span> <span class='ocrx_word' id='word_1_197' title='bbox 257 2519 425 2596; x_wconf 89' lang='lat' dir='ltr'><strong>gloriosam,</strong></span> <span class='ocrx_word' id='word_1_198' title='bbox 452 2519 574 2594; x_wconf 84' lang='lat' dir='ltr'><strong>scilicet,</strong></span> <span class='ocrx_word' id='word_1_199' title='bbox 603 2520 692 2578; x_wconf 83' lang='lat' dir='ltr'><strong>Soloe</strong></span> <span class='ocrx_word' id='word_1_200' title='bbox 713 2524 817 2594; x_wconf 74' lang='lat' dir='ltr'><strong>repieta</strong></span> <span class='ocrx_word' id='word_1_201' title='bbox 838 2521 1066 2592; x_wconf 72' lang='lat' dir='ltr'><strong>misericordiae,</strong></span> <span class='ocrx_word' id='word_1_202' title='bbox 1089 2521 1129 2582; x_wconf 89' lang='lat' dir='ltr'><strong>ab</strong></span> <span class='ocrx_word' id='word_1_203' title='bbox 1151 2523 1202 2584; x_wconf 91' lang='lat' dir='ltr'><strong>illo</strong></span> 
     </span>
     <span class='ocr_line' id='line_1_26' title="bbox 157 2605 1202 2684; baseline 0.002 -18"><span class='ocrx_word' id='word_1_204' title='bbox 157 2605 261 2683; x_wconf 87' lang='lat' dir='ltr'><strong>habeo,</strong></span> <span class='ocrx_word' id='word_1_205' title='bbox 283 2615 312 2666; x_wconf 88' lang='lat' dir='ltr'><strong>et</strong></span> <span class='ocrx_word' id='word_1_206' title='bbox 332 2606 401 2682; x_wconf 90' lang='lat' dir='ltr'><strong>quid</strong></span> <span class='ocrx_word' id='word_1_207' title='bbox 422 2606 492 2666; x_wconf 91' lang='lat' dir='ltr'><strong>mihi</strong></span> <span class='ocrx_word' id='word_1_208' title='bbox 508 2612 624 2682; x_wconf 87' lang='lat' dir='ltr'><strong>propter</strong></span> <span class='ocrx_word' id='word_1_209' title='bbox 644 2605 722 2665; x_wconf 89' lang='lat' dir='ltr'><strong>illam</strong></span> <span class='ocrx_word' id='word_1_210' title='bbox 741 2609 897 2684; x_wconf 85' lang='lat' dir='ltr'><strong>eontigerit,</strong></span> <span class='ocrx_word' id='word_1_211' title='bbox 918 2606 956 2666; x_wconf 90' lang='lat' dir='ltr'><strong>ad</strong></span> <span class='ocrx_word' id='word_1_212' title='bbox 970 2606 1202 2670; x_wconf 87' lang='lat' dir='ltr'><strong>aedificationem</strong></span> 
     </span>
     <span class='ocr_line' id='line_1_27' title="bbox 158 2691 1201 2756; baseline 0.001 -3"><span class='ocrx_word' id='word_1_213' title='bbox 158 2695 242 2754; x_wconf 85' lang='lat' dir='ltr'><strong>vobis</strong></span> <span class='ocrx_word' id='word_1_214' title='bbox 257 2695 405 2754; x_wconf 87' lang='lat' dir='ltr'><strong>enarrabo.</strong></span> <span class='ocrx_word' id='word_1_215' title='bbox 448 2691 497 2752; x_wconf 92' lang='lat' dir='ltr'><strong>Ad</strong></span> <span class='ocrx_word' id='word_1_216' title='bbox 514 2710 613 2752; x_wconf 88' lang='lat' dir='ltr'><strong>omues</strong></span> <span class='ocrx_word' id='word_1_217' title='bbox 628 2692 713 2752; x_wconf 89' lang='lat' dir='ltr'><strong>horas</strong></span> <span class='ocrx_word' id='word_1_218' title='bbox 735 2711 813 2752; x_wconf 89' lang='lat' dir='ltr'><strong>meas</strong></span> <span class='ocrx_word' id='word_1_219' title='bbox 835 2695 913 2752; x_wconf 87' lang='lat' dir='ltr'><strong>illam</strong></span> <span class='ocrx_word' id='word_1_220' title='bbox 935 2693 1029 2752; x_wconf 86' lang='lat' dir='ltr'><strong>dicere</strong></span> <span class='ocrx_word' id='word_1_221' title='bbox 1051 2698 1201 2756; x_wconf 87' lang='lat' dir='ltr'><strong>consuevi.</strong></span> 
     </span>
     <span class='ocr_line' id='line_1_28' title="bbox 159 2779 1201 2858; baseline 0.004 -19"><span class='ocrx_word' id='word_1_222' title='bbox 159 2779 232 2840; x_wconf 75' lang='lat' dir='ltr'><strong>(ium</strong></span> <span class='ocrx_word' id='word_1_223' title='bbox 261 2781 307 2842; x_wconf 91' lang='lat' dir='ltr'><strong>die</strong></span> <span class='ocrx_word' id='word_1_224' title='bbox 330 2781 455 2858; x_wconf 88' lang='lat' dir='ltr'><strong>quadam</strong></span> <span class='ocrx_word' id='word_1_225' title='bbox 476 2796 609 2854; x_wconf 84' lang='lat' dir='ltr'><strong>campum</strong></span> <span class='ocrx_word' id='word_1_226' title='bbox 630 2781 747 2840; x_wconf 84' lang='lat' dir='ltr'><strong>brevem</strong></span> <span class='ocrx_word' id='word_1_227' title='bbox 769 2783 931 2854; x_wconf 86' lang='lat' dir='ltr'><strong>transirem,</strong></span> <span class='ocrx_word' id='word_1_228' title='bbox 960 2779 1105 2856; x_wconf 89' lang='lat' dir='ltr'><strong>quandam</strong></span> <span class='ocrx_word' id='word_1_229' title='bbox 1126 2784 1201 2843; x_wconf 87' lang='lat' dir='ltr'><strong>visi·</strong></span> 
     </span>
     <span class='ocr_line' id='line_1_29' title="bbox 157 2865 1201 2944; baseline 0.003 -18"><span class='ocrx_word' id='word_1_230' title='bbox 157 2873 218 2927; x_wconf 86' lang='lat' dir='ltr'><strong>tare</strong></span> <span class='ocrx_word' id='word_1_231' title='bbox 249 2870 405 2944; x_wconf 84' lang='lat' dir='ltr'><strong>inclusam,</strong></span> <span class='ocrx_word' id='word_1_232' title='bbox 436 2871 517 2926; x_wconf 84' lang='lat' dir='ltr'><strong>iuxta</strong></span> <span class='ocrx_word' id='word_1_233' title='bbox 548 2866 698 2926; x_wconf 86' lang='lat' dir='ltr'><strong>ecclesiam</strong></span> <span class='ocrx_word' id='word_1_234' title='bbox 727 2865 881 2926; x_wconf 82' lang='lat' dir='ltr'><strong>solitariam</strong></span> <span class='ocrx_word' id='word_1_235' title='bbox 909 2867 1103 2944; x_wconf 83' lang='lat' dir='ltr'><strong>habitantem,</strong></span> <span class='ocrx_word' id='word_1_236' title='bbox 1136 2876 1201 2932; x_wconf 86' lang='lat' dir='ltr'><strong>orta</strong></span> 
     </span>
     <span class='ocr_line' id='line_1_30' title="bbox 158 2953 1199 3030; baseline 0.003 -18"><span class='ocrx_word' id='word_1_237' title='bbox 158 2961 225 3013; x_wconf 89' lang='lat' dir='ltr'><strong>snut</strong></span> <span class='ocrx_word' id='word_1_238' title='bbox 246 2960 370 3016; x_wconf 86' lang='lat' dir='ltr'><strong>tonitrua</strong></span> <span class='ocrx_word' id='word_1_239' title='bbox 390 2963 450 3016; x_wconf 89' lang='lat' dir='ltr'><strong>tam</strong></span> <span class='ocrx_word' id='word_1_240' title='bbox 471 2953 581 3030; x_wconf 88' lang='lat' dir='ltr'><strong>valida,</strong></span> <span class='ocrx_word' id='word_1_241' title='bbox 607 2961 640 3012; x_wconf 89' lang='lat' dir='ltr'><strong>ut</strong></span> <span class='ocrx_word' id='word_1_242' title='bbox 661 2957 733 3013; x_wconf 88' lang='lat' dir='ltr'><strong>ictus</strong></span> <span class='ocrx_word' id='word_1_243' title='bbox 754 2957 823 3014; x_wconf 90' lang='lat' dir='ltr'><strong>ictui</strong></span> <span class='ocrx_word' id='word_1_244' title='bbox 844 2954 1015 3030; x_wconf 80' lang='lat' dir='ltr'><strong>succedens,</strong></span> <span class='ocrx_word' id='word_1_245' title='bbox 1036 2956 1111 3016; x_wconf 86' lang='lat' dir='ltr'><strong>vires</strong></span> <span class='ocrx_word' id='word_1_246' title='bbox 1132 2973 1199 3015; x_wconf 88' lang='lat' dir='ltr'><strong>am·</strong></span> 
     </span>
     <span class='ocr_line' id='line_1_31' title="bbox 158 3037 1200 3121; baseline 0.006 -21"><span class='ocrx_word' id='word_1_247' title='bbox 158 3041 275 3100; x_wconf 89' lang='lat' dir='ltr'><strong>hulandi</strong></span> <span class='ocrx_word' id='word_1_248' title='bbox 304 3044 374 3102; x_wconf 90' lang='lat' dir='ltr'><strong>mihi</strong></span> <span class='ocrx_word' id='word_1_249' title='bbox 402 3043 561 3102; x_wconf 88' lang='lat' dir='ltr'><strong>adimerent</strong></span> <span class='ocrx_word' id='word_1_250' title='bbox 573 3037 602 3121; x_wconf 77' lang='lat'><strong>⁵).</strong></span> <span class='ocrx_word' id='word_1_251' title='bbox 630 3041 757 3102; x_wconf 85' lang='lat' dir='ltr'><strong>Veniens</strong></span> <span class='ocrx_word' id='word_1_252' title='bbox 780 3042 895 3102; x_wconf 90' lang='lat' dir='ltr'><strong>tandem</strong></span> <span class='ocrx_word' id='word_1_253' title='bbox 908 3039 928 3121; x_wconf 82' lang='lat'><strong>⁶)</strong></span> <span class='ocrx_word' id='word_1_254' title='bbox 952 3059 1018 3104; x_wconf 88' lang='lat' dir='ltr'><strong>cum</strong></span> <span class='ocrx_word' id='word_1_255' title='bbox 1038 3041 1130 3104; x_wconf 89' lang='lat' dir='ltr'><strong>multo</strong></span> <span class='ocrx_word' id='word_1_256' title='bbox 1152 3043 1200 3106; x_wconf 87' lang='lat' dir='ltr'><strong>la·</strong></span> 
     </span>
     <span class='ocr_line' id='line_1_32' title="bbox 158 3129 1198 3205; baseline 0.002 -17"><span class='ocrx_word' id='word_1_257' title='bbox 158 3129 227 3188; x_wconf 91' lang='lat' dir='ltr'><strong>bore</strong></span> <span class='ocrx_word' id='word_1_258' title='bbox 256 3130 340 3205; x_wconf 79' lang='lat' dir='ltr'><strong>simul</strong></span> <span class='ocrx_word' id='word_1_259' title='bbox 367 3148 403 3189; x_wconf 91' lang='lat' dir='ltr'><strong>ac</strong></span> <span class='ocrx_word' id='word_1_260' title='bbox 425 3132 525 3188; x_wconf 86' lang='lat' dir='ltr'><strong>timore</strong></span> <span class='ocrx_word' id='word_1_261' title='bbox 547 3129 585 3188; x_wconf 92' lang='lat' dir='ltr'><strong>ad</strong></span> <span class='ocrx_word' id='word_1_262' title='bbox 607 3129 772 3204; x_wconf 86' lang='lat' dir='ltr'><strong>ecclesiam,</strong></span> <span class='ocrx_word' id='word_1_263' title='bbox 795 3131 887 3204; x_wconf 88' lang='lat' dir='ltr'><strong>ipsam</strong></span> <span class='ocrx_word' id='word_1_264' title='bbox 909 3131 1028 3204; x_wconf 85' lang='lat' dir='ltr'><strong>intravi,</strong></span> <span class='ocrx_word' id='word_1_265' title='bbox 1050 3136 1078 3190; x_wconf 91' lang='lat' dir='ltr'><strong>et</strong></span> <span class='ocrx_word' id='word_1_266' title='bbox 1099 3145 1198 3190; x_wconf 87' lang='lat' dir='ltr'><strong>eoram</strong></span> 
     </span>
     <span class='ocr_line' id='line_1_33' title="bbox 157 3215 1197 3293; baseline 0.004 -19"><span class='ocrx_word' id='word_1_267' title='bbox 157 3215 240 3276; x_wconf 83' lang='lat' dir='ltr'><strong>altari</strong></span> <span class='ocrx_word' id='word_1_268' title='bbox 267 3234 314 3274; x_wconf 91' lang='lat' dir='ltr'><strong>me</strong></span> <span class='ocrx_word' id='word_1_269' title='bbox 332 3224 523 3291; x_wconf 83' lang='lat' dir='ltr'><strong>prosternens,</strong></span> <span class='ocrx_word' id='word_1_270' title='bbox 544 3233 596 3293; x_wconf 91' lang='lat' dir='ltr'><strong>pro</strong></span> <span class='ocrx_word' id='word_1_271' title='bbox 618 3218 681 3292; x_wconf 89' lang='lat' dir='ltr'><strong>ipsa</strong></span> <span class='ocrx_word' id='word_1_272' title='bbox 702 3221 872 3291; x_wconf 87' lang='lat' dir='ltr'><strong>tempestate</strong></span> <span class='ocrx_word' id='word_1_273' title='bbox 893 3215 1049 3278; x_wconf 89' lang='lat' dir='ltr'><strong>Dominam</strong></span> <span class='ocrx_word' id='word_1_274' title='bbox 1068 3221 1197 3278; x_wconf 75' lang='lat' dir='ltr'><strong>uosbam</strong></span> 
     </span>
     <span class='ocr_line' id='line_1_34' title="bbox 156 3301 1197 3380; baseline 0.004 -20"><span class='ocrx_word' id='word_1_275' title='bbox 156 3303 342 3379; x_wconf 89' lang='lat' dir='ltr'><strong>interpellavi.</strong></span> <span class='ocrx_word' id='word_1_276' title='bbox 384 3305 422 3362; x_wconf 86' lang='lat' dir='ltr'><strong>Et</strong></span> <span class='ocrx_word' id='word_1_277' title='bbox 450 3321 516 3364; x_wconf 87' lang='lat' dir='ltr'><strong>ecee</strong></span> <span class='ocrx_word' id='word_1_278' title='bbox 545 3311 677 3364; x_wconf 84' lang='lat' dir='ltr'><strong>matrona</strong></span> <span class='ocrx_word' id='word_1_279' title='bbox 703 3305 823 3379; x_wconf 86' lang='lat' dir='ltr'><strong>virginei</strong></span> <span class='ocrx_word' id='word_1_280' title='bbox 850 3303 947 3364; x_wconf 84' lang='lat' dir='ltr'><strong>vultus</strong></span> <span class='ocrx_word' id='word_1_281' title='bbox 968 3305 1121 3380; x_wconf 80' lang='lat' dir='ltr'><strong>magnique</strong></span> <span class='ocrx_word' id='word_1_282' title='bbox 1142 3301 1197 3364; x_wconf 87' lang='lat' dir='ltr'><strong>de-</strong></span> 
     </span>
     <span class='ocr_line' id='line_1_35' title="bbox 158 3389 1196 3467; baseline 0.007 -19"><span class='ocrx_word' id='word_1_283' title='bbox 158 3393 231 3449; x_wconf 84' lang='lat' dir='ltr'><strong>coris</strong></span> <span class='ocrx_word' id='word_1_284' title='bbox 254 3390 290 3449; x_wconf 89' lang='lat' dir='ltr'><strong>de</strong></span> <span class='ocrx_word' id='word_1_285' title='bbox 311 3389 394 3449; x_wconf 84' lang='lat' dir='ltr'><strong>altari</strong></span> <span class='ocrx_word' id='word_1_286' title='bbox 415 3390 454 3448; x_wconf 88' lang='lat' dir='ltr'><strong>ad</strong></span> <span class='ocrx_word' id='word_1_287' title='bbox 475 3407 521 3449; x_wconf 89' lang='lat' dir='ltr'><strong>me</strong></span> <span class='ocrx_word' id='word_1_288' title='bbox 542 3393 668 3464; x_wconf 86' lang='lat' dir='ltr'><strong>veniens,</strong></span> <span class='ocrx_word' id='word_1_289' title='bbox 690 3407 756 3448; x_wconf 83' lang='lat' dir='ltr'><strong>curn</strong></span> <span class='ocrx_word' id='word_1_290' title='bbox 771 3390 927 3450; x_wconf 84' lang='lat' dir='ltr'><strong>admirarer</strong></span> <span class='ocrx_word' id='word_1_291' title='bbox 947 3408 1088 3466; x_wconf 89' lang='lat' dir='ltr'><strong>quaenam</strong></span> <span class='ocrx_word' id='word_1_292' title='bbox 1111 3397 1196 3467; x_wconf 85' lang='lat' dir='ltr'><strong>esset,</strong></span> 
     </span>
     <span class='ocr_line' id='line_1_36' title="bbox 156 3475 1195 3554; baseline 0.002 -20"><span class='ocrx_word' id='word_1_293' title='bbox 156 3477 205 3536; x_wconf 91' lang='lat' dir='ltr'><strong>illa</strong></span> <span class='ocrx_word' id='word_1_294' title='bbox 225 3480 302 3554; x_wconf 85' lang='lat' dir='ltr'><strong>prior</strong></span> <span class='ocrx_word' id='word_1_295' title='bbox 323 3494 369 3536; x_wconf 88' lang='lat' dir='ltr'><strong>me</strong></span> <span class='ocrx_word' id='word_1_296' title='bbox 382 3475 508 3536; x_wconf 90' lang='lat' dir='ltr'><strong>allocuta</strong></span> <span class='ocrx_word' id='word_1_297' title='bbox 530 3483 574 3536; x_wconf 86' lang='lat' dir='ltr'><strong>est</strong></span> <span class='ocrx_word' id='word_1_298' title='bbox 595 3477 706 3537; x_wconf 78' lang='lat' dir='ltr'><strong>decus:</strong></span> <span class='ocrx_word' id='word_1_299' title='bbox 729 3476 804 3552; x_wconf 87' lang='lat' dir='ltr'><strong>Quia</strong></span> <span class='ocrx_word' id='word_1_300' title='bbox 821 3478 1015 3552; x_wconf 82' lang='lat' dir='ltr'><strong>antiphonam,</strong></span> <span class='ocrx_word' id='word_1_301' title='bbox 1036 3477 1126 3537; x_wconf 80' lang='lat' dir='ltr'><strong>Saloe</strong></span> <span class='ocrx_word' id='word_1_302' title='bbox 1145 3496 1195 3537; x_wconf 85' lang='lat' dir='ltr'><strong>re-</strong></span> 
     </span>
     <span class='ocr_line' id='line_1_37' title="bbox 156 3563 1194 3640; baseline 0.003 -18"><span class='ocrx_word' id='word_1_303' title='bbox 156 3568 229 3640; x_wconf 79' lang='lat' dir='ltr'><strong>pina</strong></span> <span class='ocrx_word' id='word_1_304' title='bbox 249 3565 480 3637; x_wconf 76' lang='lat' dir='ltr'><strong>misericordiae,</strong></span> <span class='ocrx_word' id='word_1_305' title='bbox 502 3563 623 3624; x_wconf 89' lang='lat' dir='ltr'><strong>libenter</strong></span> <span class='ocrx_word' id='word_1_306' title='bbox 644 3581 678 3623; x_wconf 91' lang='lat' dir='ltr'><strong>ac</strong></span> <span class='ocrx_word' id='word_1_307' title='bbox 698 3564 861 3639; x_wconf 83' lang='lat' dir='ltr'><strong>frequenter</strong></span> <span class='ocrx_word' id='word_1_308' title='bbox 883 3564 1027 3640; x_wconf 83' lang='lat' dir='ltr'><strong>decantas,</strong></span> <span class='ocrx_word' id='word_1_309' title='bbox 1047 3581 1194 3640; x_wconf 89' lang='lat' dir='ltr'><strong>nunquam</strong></span> 
     </span>
    </p>
   </div>
   <div class='ocr_carea' id='block_1_6' title="bbox 175 3727 1191 3872">
    <p class='ocr_par' dir='ltr' id='par_1_8' title="bbox 175 3727 1191 3872">
     <span class='ocr_line' id='line_1_38' title="bbox 175 3727 1191 3800; baseline -0.001 -17"><span class='ocrx_word' id='word_1_310' title='bbox 175 3733 206 3800; x_wconf 89' lang='grc'><strong>1)</strong></span> <span class='ocrx_word' id='word_1_311' title='bbox 223 3731 305 3785; x_wconf 81' lang='lat' dir='ltr'>BCDP</span> <span class='ocrx_word' id='word_1_312' title='bbox 328 3731 462 3783; x_wconf 86' lang='lat' dir='ltr'><strong>dimisit.</strong></span> <span class='ocrx_word' id='word_1_313' title='bbox 486 3762 517 3773; x_wconf 90' lang='lat'><em>-</em></span> <span class='ocrx_word' id='word_1_314' title='bbox 542 3733 574 3800; x_wconf 83' lang='lat'><strong>2)</strong></span> <span class='ocrx_word' id='word_1_315' title='bbox 592 3732 654 3786; x_wconf 81' lang='lat' dir='ltr'><strong>Blll’</strong></span> <span class='ocrx_word' id='word_1_316' title='bbox 678 3735 769 3786; x_wconf 85' lang='lat' dir='ltr'><strong>enim.</strong></span> <span class='ocrx_word' id='word_1_317' title='bbox 794 3761 824 3772; x_wconf 90' lang='lat'><em>-</em></span> <span class='ocrx_word' id='word_1_318' title='bbox 848 3731 880 3798; x_wconf 84' lang='lat'><strong>3)</strong></span> <span class='ocrx_word' id='word_1_319' title='bbox 904 3727 980 3780; x_wconf 90' lang='lat' dir='ltr'><strong>Polch</strong></span> <span class='ocrx_word' id='word_1_320' title='bbox 998 3745 1077 3796; x_wconf 83' lang='lat' dir='ltr'><strong>prope</strong></span> <span class='ocrx_word' id='word_1_321' title='bbox 1094 3731 1191 3798; x_wconf 85' lang='lat' dir='ltr'><strong>blayen.</strong></span> 
     </span>
     <span class='ocr_line' id='line_1_39' title="bbox 226 3793 1079 3872; baseline -0.009 -16"><span class='ocrx_word' id='word_1_322' title='bbox 226 3832 257 3843; x_wconf 90' lang='lat'><em>-</em></span> <span class='ocrx_word' id='word_1_323' title='bbox 277 3804 309 3872; x_wconf 81' lang='lat'><strong>4)</strong></span> <span class='ocrx_word' id='word_1_324' title='bbox 327 3802 347 3854; x_wconf 90' lang='lat' dir='ltr'>B</span> <span class='ocrx_word' id='word_1_325' title='bbox 365 3818 466 3854; x_wconf 85' lang='lat' dir='ltr'><strong>unum.</strong></span> <span class='ocrx_word' id='word_1_326' title='bbox 486 3833 515 3842; x_wconf 89' lang='lat'><em>-</em></span> <span class='ocrx_word' id='word_1_327' title='bbox 536 3803 568 3868; x_wconf 82' lang='lat'><strong>5)</strong></span> <span class='ocrx_word' id='word_1_328' title='bbox 586 3803 624 3856; x_wconf 80' lang='lat' dir='ltr'><strong>Cl’</strong></span> <span class='ocrx_word' id='word_1_329' title='bbox 642 3793 809 3853; x_wconf 85' lang='lat' dir='ltr'><strong>adimeret.</strong></span> <span class='ocrx_word' id='word_1_330' title='bbox 828 3828 858 3840; x_wconf 83' lang='lat'>—</span> <span class='ocrx_word' id='word_1_331' title='bbox 878 3798 911 3865; x_wconf 84' lang='lat'><strong>6)</strong></span> <span class='ocrx_word' id='word_1_332' title='bbox 928 3798 947 3852; x_wconf 79' lang='lat'>0</span> <span class='ocrx_word' id='word_1_333' title='bbox 962 3806 1079 3872; x_wconf 74' lang='lat' dir='ltr'><strong>tamen.</strong></span> 
     </span>
    </p>
   </div>
   <div class='ocr_carea' id='block_1_7' title="bbox 0 0 1308 4247">
    <p class='ocr_par' dir='ltr' id='par_1_9' title="bbox 0 0 1308 4247">
     <span class='ocr_line' id='line_1_40' title="bbox 0 0 1308 4247; baseline 0 0"><span class='ocrx_word' id='word_1_334' title='bbox 0 0 1308 4247; x_wconf 95' lang='lat' dir='ltr'><strong> </strong></span> 
     </span>
    </p>
   </div>
  </div>
 </body>
</html>
