2506 4254
417 293 472 355 DE
495 293 722 357 rsJRAOULIS.
1024 298 1088 356 249

66 425 163 482 abacto
173 413 190 500 ¹)
210 417 285 478 illins
306 433 399 494 squas
421 419 627 478 sacratissimae
648 417 766 476 morin
787 414 922 476 sudorem
943 419 1038 494 erupi,
1060 424 1090 479 et

66 507 194 570 coneum.
235 505 318 566 Licet
339 507 413 564 enim
441 506 600 580 baptismus
621 502 762 563 medicina
783 504 819 561 sit
849 504 975 579 animae,
1008 503 1090 564 multi

65 601 151 654 tanen
175 592 249 652 illius
270 594 375 652 virtute
397 594 551 651 sanitatem·
569 607 719 667 corporum
741 592 886 650 consecuti
906 596 988 668 sunt,
1016 595 1090 662 sicut

65 681 157 758 legitur
187 679 223 740 (le
243 675 468 758 Tarquilinio²),
500 684 528 738 et
549 678 693 738 Gromatio
715 676 800 738 Urbis
821 677 975 753 praefecto.
1017 679 1089 739 NO-

65 767 197 828 VIClUS:
229 765 344 828 Vellem
376 764 492 840 aliquod
521 765 619 824 audire
647 764 816 825 miraculum
845 766 875 822 in
903 767 985 840 aquis
1018 768 1089 825 sim-

65 853 318 931 pomoranorum,
348 853 452 928 quibus
473 869 527 911 nee
556 853 731 912 consecratio
753 869 807 911 neo
829 853 902 911 socri
931 851 1089 913 chrismatis

65 942 157 1002 inlusio
169 942 266 1001 tribuit
285 942 427 1000 virtutem.
458 937 693 999 MONACHUS:
715 939 798 998 Prius
819 940 871 998 tibi
884 938 979 999 adhuc
1000 957 1090 1000 unum

65 1028 174 1090 teletam
194 1029 230 1088 de
251 1028 402 1104 baptismo,
423 1028 505 1088 cuius
525 1028 659 1086 virtutem
680 1025 802 1102 amplius
824 1029 911 1086 etiam
932 1029 961 1085 in
982 1044 1014 1088 rc
1034 1027 1089 1087 ad-

65 1114 168 1195 versa³)
189 1130 354 1192 cognosces

392 1302 625 1365 CAPITULUM
654 1303 751 1364 XLV.

67 1427 109 1486 De
127 1445 196 1487 eoae
216 1430 267 1504 quai
289 1445 309 1485 a
330 1425 511 1486 scholaribus
533 1425 708 1501 baptizatus,
729 1430 762 1485 ia
782 1424 895 1486 rabiem
917 1445 1019 1487 cereus
1041 1435 1088 1488 cst

124 1547 261 1624 Tempore
282 1548 407 1624 quodam
429 1546 545 1623 quidam
566 1547 710 1607 scholares
717 1539 752 1626 ⁴),
779 1545 961 1607 sacerdotum
982 1551 1091 1609 morem

68 1634 205 1710 imitantes,
224 1637 254 1694 in
275 1633 401 1710 quodam
421 1635 536 1694 flumine
558 1651 658 1693 canem
680 1635 733 1692 sub
749 1635 929 1693 invocatione
950 1637 1015 1692 trini
1035 1653 1091 1696 no-

67 1721 140 1780 minis
166 1722 391 1798 baptizaverunt
435 1721 520 1782 Oanis
546 1737 613 1779 vero
635 1724 769 1780 virtutem
791 1723 863 1778 tanti
883 1724 1003 1780 nominis
1025 1739 1091 1782 sus-

68 1807 146 1868 tinere
165 1825 222 1867 non
243 1807 359 1883 valens,
387 1825 455 1866 mox
478 1808 533 1867 illis
554 1806 717 1866 videntibus
738 1825 837 1866 versus
860 1809 952 1867 estin
973 1809 1090 1869 rabiem.

67 1891 157 1954 Pueris
177 1912 260 1971 vero,
290 1911 324 1954 co
355 1894 431 1970 quod
452 1911 542 1971 genus
563 1893 633 1953 illud
654 1896 864 1953 insanissimum
885 1896 937 1970 sit,
965 1899 1092 1972 pepercit

67 1977 197 2042 Dominus
206 1979 241 2062 ⁵),
270 1979 362 2042 sciens
390 1999 448 2041 non
475 1981 599 2055 malitia,
627 1981 679 2040 sed
708 1997 743 2040 ex
772 1981 1090 2043 stultitia-sacramento

67 2065 162 2128 iactam
182 2069 320 2128 iniuriam.
362 2067 408 2126 De
429 2067 511 2144 aquis
532 2085 601 2148 uero
623 2067 798 2144 simplicibus
819 2069 910 2128 habes
929 2070 1091 2146 exemplum

68 2157 186 2229 superins
214 2154 339 2231 capitulo
367 2156 507 2215 tricesimo
537 2157 651 2231 quinto,
684 2155 719 2214 de
746 2157 887 2230 piscatore
908 2173 995 2231 quem
1016 2175 1092 2232 aqua

69 2244 172 2302 exussit
212 2241 314 2303 Habes
343 2243 428 2301 etiam
457 2241 617 2317 exemplum
646 2241 723 2301 aliud
751 2244 781 2300 in
809 2241 988 2303 distinctione
1008 2245 1093 2303 tertia

70 2329 184 2404 capitulo
204 2331 342 2390 vicesimo
362 2331 463 2405 primo,
485 2327 521 2388 de
542 2329 657 2389 homine
681 2335 840 2406 peccatore,
862 2331 900 2390 ob
922 2334 1003 2393 cuius
1024 2331 1093 2390 vitia

69 2430 139 2475 mare
158 2417 304 2491 intumuit,
334 2421 362 2474 et
389 2421 456 2491 post
484 2416 690 2475 consessionem
710 2415 893 2492 tranquillum
912 2417 1019 2480 iactum
1041 2425 1093 2478 est.

69 2497 156 2562 Simile
176 2505 226 2563 tibi
246 2519 324 2562 nune
345 2502 472 2563 recitabo
495 2502 531 2562 de
553 2519 610 2580 quo
633 2504 702 2562 satis
714 2504 878 2587 miraberis.

389 2692 621 2754 CAPITULUM
648 2694 760 2756 XLVI.

123 2813 168 2872 De
186 2813 337 2874 Richardo
359 2814 438 2890 Repe
459 2815 586 2891 Atopliae
608 2821 636 2874 ct
655 2814 787 2890 peccalo
809 2775 871 2874 cius
891 2816 924 2872 irc
945 2816 1032 2874 muri.

131 2933 164 2993 In
199 2937 292 3012 prima
331 2935 510 3012 expeditione
545 2935 789 3012 ierosolymitana
824 2934 985 2994 Richardus
1028 2934 1092 2996 Rex

71 3015 218 3096 Anglomm
254 3017 321 3082 e'um
352 3023 531 3082 multitudine
552 3024 766 3100 peregrinorum
794 3023 941 3098 copiisque
961 3025 1093 3084 maximis

70 3108 256 3170 transfretavit
306 3109 363 3169 Dic
395 3109 520 3186 quadam
551 3112 626 3170 circa
658 3108 856 3184 crepusculum
891 3115 954 3169 orta
982 3116 1027 3172 est
1064 3113 1093 3170 in

71 3195 132 3253 man'
152 3201 305 3272 tempestas
325 3195 516 3272 validissima,
544 3198 585 3257 ita
605 3202 638 3255 ut
657 3213 747 3255 naves
768 3195 899 3272 procellis
921 3214 1093 3274 concussae,

72 3281 309 3343 etvirentorum
329 3283 483 3359 impulsae,
516 3289 636 3344 mortem
658 3283 789 3342 omnibus
808 3285 988 3344 intentarent
1030 3284 1093 3346 Rex

71 3381 130 3426 vero
157 3370 230 3428 sicut
263 3375 293 3428 at
326 3371 411 3430 ceteri
440 3377 561 3430 mortem
589 3376 656 3428 ante
686 3369 784 3429 oculos
804 3370 930 3447 habens,
963 3377 1024 3432 tota
1044 3371 1094 3431 illa

71 3459 144 3513 nocte
171 3454 318 3516 clamant:
350 3456 376 3516 Ο
399 3457 512 3533 quando
536 3459 588 3516 erit
607 3463 736 3533 tempus,
763 3458 791 3515 in
814 3451 901 3539 quo‘)
922 3461 1008 3535 grisei
1028 3475 1093 3517 mo-

71 3539 145 3600 nachi
165 3559 280 3620 surgere
302 3543 393 3604 solent
415 3543 452 3603 ad
465 3542 641 3603 laudandum
653 3542 772 3604 Deum?
804 3544 898 3604 Tanta
920 3549 996 3605 euim
1017 3545 1094 3604 bons
1187 3541 1198 3562 “

87 3655 115 3724 1)
130 3655 151 3709 Β
168 3667 322 3712 attractu.
341 3689 374 3699 —
390 3660 422 3728 2)
440 3657 483 3714 CF
500 3659 705 3729 Tarquiliuo,
722 3659 749 3714 A
766 3659 1008 3729 Tranquilinio,
1025 3657 1092 3711 BEP
1157 3665 1160 3674 ¹

130 3725 470 3798 Tranquilino.—3)B
488 3731 519 3782 in
536 3745 571 3782 re
589 3729 728 3783 adversa
744 3732 849 3795 etiam,
866 3731 887 3781 1)
902 3729 931 3780 in
948 3745 982 3781 re
1000 3729 1092 3778 etism

130 3795 274 3852 adversa.
300 3827 331 3838 -
355 3800 389 3866 4)
411 3797 456 3852 ΒΟ
479 3798 652 3852 scholares
677 3799 811 3868 quidam.
830 3828 862 3839 -
887 3799 919 3866 5)
943 3797 1093 3849 Dominus

131 3865 178 3920 add
194 3865 226 3921 Β.
245 3896 277 3910 -
296 3867 328 3936 6)
346 3866 389 3922 CF
406 3869 544 3938 quando.

673 3971 677 3976 ·
757 3935 837 4014 llll
