2608 4252
68 219 70 222 ’
184 253 223 310 ro
488 225 717 322 nrsnrncnd
736 224 911 322 eorunm

180 372 265 434 huius
285 377 564 444 nominisstnvccetio
585 388 728 458 operatur,
749 385 823 444 sicut
842 385 873 442 in
887 382 1057 459 supradictis
1071 387 1239 446 ostensum

180 485 196 530 e
252 478 334 521 exem
375 488 397 529 s.
438 469 641 530 NOVIOIUS:
669 469 715 527 Ex
743 485 801 544 quo
823 475 911 530 tanta
937 471 1016 530 bona
1041 485 1093 547 per
1113 487 1238 532 nomen

178 556 235 616 bea
333 558 429 633 irginis
459 557 641 616 conferuntur
667 557 867 631 peccatoribus
889 561 918 616 et
938 558 1034 632 iustis,
1062 557 1100 618 de
1125 566 1238 620 cetero

179 644 333 703 memoriae
361 661 443 703 meae
471 644 598 702 tenacius
618 642 787 702 inhaerebit.
829 641 1067 704 MONAOHUS:
1100 643 1176 705 Hoc
1212 650 1240 706 si

178 730 286 806 feceris,
306 733 336 789 in
357 730 413 790 fine
434 737 484 788 tuo
507 728 731 790 consolationem
752 732 813 791 eius
837 731 996 806 experieris.
1040 729 1132 807 Quod
1156 750 1237 792 vero

178 818 362 878 morientibus
374 819 499 891 assistat,
521 818 618 891 eisque
641 834 722 877 suam
736 816 901 878 mellifluam
914 819 1105 892 praesentiam
1120 823 1238 880 osten·

67 915 69 923 ’
180 904 237 980 dat,
258 910 371 981 praesto
394 908 461 962 sunt
488 902 626 979 exempla

550 1092 783 1154 CAPITULUM
808 1094 842 1152 L.

179 1217 395 1288 Demonocbo,
419 1233 505 1291 quem
519 1221 623 1274 coacto
637 1215 740 1274 Marto
755 1214 983 1276 deosculabatur
1001 1223 1071 1275 onte
1084 1225 1238 1280 mortem.

242 1337 277 1396 In
299 1337 383 1397 domo
406 1337 531 1413 quadam
552 1337 710 1413 Hispaniae
733 1337 838 1396 ordinis
859 1339 958 1414 nostri,
979 1355 1054 1415 quae
1070 1335 1087 1418 ¹)
1108 1337 1239 1402 Pume·

177 1427 245 1484 rand
267 1431 402 1499 vocatur,
431 1425 487 1484 duo
510 1423 706 1484 adolescentes
729 1430 796 1484 sunt
817 1427 960 1500 conversi,
983 1432 1012 1485 et
1033 1431 1093 1484 tarn
1113 1424 1239 1488 lauda-

177 1511 278 1571 biliter
306 1514 335 1569 in
376 1499 411 1571 ea
426 1508 446 1592 ²)
467 1513 661 1587 conversati,
696 1517 729 1570 ut
763 1513 823 1570 vita
858 1511 972 1571 illorum
1004 1511 1066 1571 aliis
1102 1521 1192 1573 esset
1213 1514 1238 1595 ³)
1286 1532 1287 1535 ’

177 1599 206 1656 in
239 1597 409 1674 exemplum.
452 1598 496 1656 Ex
526 1598 630 1674 quibus
659 1616 731 1658 unus
753 1600 782 1656 in
804 1599 943 1674 obsequio
964 1600 1069 1659 beatae
1091 1597 1239 1678 Virginis

176 1688 217 1744 ita
247 1685 361 1745 fervens
394 1687 499 1746 exstitit
531 1703 566 1744 ao
598 1683 734 1759 devotus,
771 1687 812 1745 ita
842 1685 872 1743 in
904 1685 981 1745 horis
1015 1688 1075 1745 eius
1108 1685 1238 1748 decan-

177 1772 270 1832 tandis
300 1789 431 1832 morosus
459 1779 487 1832 et
511 1774 651 1847 intentus,
679 1778 790 1832 utnon
814 1771 908 1832 solum
929 1774 959 1832 in
980 1771 1098 1849 singulis
1128 1777 1238 1834 versi-

176 1849 249 1934 bus,
269 1859 333 1921 ¹sed
361 1861 446 1918 etiam
478 1861 507 1918 in
540 1859 658 1934 singulis
685 1858 781 1918 verbis
813 1860 979 1918 memoriam
1006 1861 1095 1935 ipsius
1125 1859 1238 1924 habe-

177 1951 234 2020 ret,
265 1948 364 2021 sicque
393 1945 493 2004 horam
521 1945 610 2005 horae
639 1963 704 2004 cum
725 1947 855 2005 maximis
876 1945 1024 2006 laboribus
1044 1962 1120 2022 pene
1152 1965 1237 2008 con-

177 2033 310 2092 tinuaret.
353 2033 411 2108 Qui
438 2051 504 2092 cum
532 2049 624 2092 annos
652 2032 751 2092 decem
780 2039 809 2092 et
837 2039 948 2109 septem
975 2033 1089 2092 fecisset
1116 2035 1151 2094 in
1176 2053 1236 2096 or-

136 2169 142 2174 .
178 2119 259 2195 dine,
288 2121 412 2196 graviter
439 2119 596 2179 infirmatus
627 2125 684 2194 est,
717 2126 746 2179 et
769 2120 938 2179 ministravit
967 2120 994 2179 ei
1020 2121 1116 2179 socius
1151 2139 1236 2185 suus

152 2219 154 2225 ’
178 2225 214 2266 ex
233 2206 349 2266 licentia
362 2207 475 2265 Prioris.
518 2207 617 2266 Sciens
640 2224 705 2266 oum
726 2208 818 2265 virum
839 2213 980 2282 sanctum,
1001 2212 1031 2265 et
1049 2208 1079 2265 in
1100 2211 1236 2272 servitio

176 2294 234 2353 Dei
256 2293 407 2352 Genitrieis
430 2293 660 2370 devotissimum,
692 2297 725 2351 ut
745 2293 853 2368 aliquid
874 2295 928 2353 sibi
948 2293 1055 2353 decret
1075 2293 1113 2354 ad
1138 2297 1236 2357 aedi-

177 2380 355 2456 ficationem,
382 2382 485 2438 intuito
511 2386 628 2440 mutuae
657 2383 781 2440 caritatis
808 2378 957 2456 flagitavit.
1001 2379 1054 2438 Cui
1082 2398 1152 2442 oum
1175 2384 1235 2445 ille

177 2465 246 2526 nihil
267 2484 372 2544 negare
393 2473 492 2544 posset
512 2485 565 2527 nee
583 2467 678 2542 uellet,
699 2467 858 2543 respondit:
880 2466 951 2528 Heri
970 2466 1098 2528 Domina
1117 2478 1236 2532 nostra

177 2556 304 2614 visitavit
325 2571 385 2628 me,
418 2561 447 2614 et
469 2556 535 2630 quia
557 2555 602 2613 die
624 2557 744 2629 septimo
767 2553 804 2613 ad
824 2553 982 2635 Dominum
1002 2550 1085 2634 sim⁴)
1107 2557 1235 2634 migra-

177 2648 270 2717 turus,
299 2642 447 2718 praedixit.
496 2641 534 2700 Et
562 2641 680 2700 adiecit:
709 2640 785 2717 Quia
810 2658 879 2716 prae
908 2642 1018 2700 cunctis
1046 2641 1234 2705 mortalibus

177 2727 246 2787 mihi
266 2730 401 2787 intentius
418 2729 568 2802 servivisti,
590 2733 619 2786 et
639 2745 692 2804 ego
714 2728 767 2786 tibi
787 2727 891 2790 faciam
913 2727 990 2803 quod
1010 2729 1142 2788 nondum
1164 2732 1234 2791 ali-

178 2817 224 2875 cui
244 2815 306 2876 feci.
350 2814 518 2890 Collumque
540 2831 637 2873 meum
652 2813 781 2874 brachiis
803 2817 861 2874 suis
875 2817 1024 2898 stringens,
1047 2815 1126 2874 dedit
1149 2819 1234 2879 mihi

177 2901 315 2961 osculum.
357 2900 559 2980 NOlslOIUS:
588 2901 644 2960 Hic
668 2901 827 2978 legentibus
849 2903 914 2961 oriri
934 2906 1030 2978 potest
1055 2903 1233 2982 scrupulus,

177 2991 387 3064 quiasuperius
404 2989 511 3048 dictum
533 2993 577 3047 est
598 2988 721 3065 capitulo
742 2990 884 3048 tricesimo
906 2987 1042 3064 secundo,
1064 2989 1143 3065 quod
1162 2996 1233 3052 mi-

176 3073 218 3134 liti
242 3079 351 3134 tentato
380 3074 509 3134 osculum
539 3075 655 3135 dederit
696 3073 932 3136 MONAOHUSr
958 3076 1039 3136 Visio
1061 3078 1117 3135 ista
1138 3077 1232 3140 illam

177 3167 306 3237 tempore
324 3165 488 3238 praecessit.
526 3161 599 3220 Cum
621 3169 717 3222 autem
738 3164 901 3240 agonizaret
923 3163 968 3222 die
990 3167 1020 3222 et
1039 3162 1112 3224 hora
1127 3182 1231 3239 prae-

177 3248 254 3308 dicta
275 3251 318 3306 vir
338 3249 450 3323 beatuS,
471 3249 552 3308 Prior
574 3249 724 3326 dormiens,
746 3249 845 3309 cellam
867 3251 897 3307 in
920 3267 977 3325 qua
997 3250 1127 3324 iacebat,
1154 3259 1231 3312 tur-

176 3336 246 3396 bam
263 3333 477 3394 candidatorum
494 3339 609 3396 introire
630 3336 709 3412 vidit,
731 3339 779 3411 qui
800 3353 832 3395 se
853 3343 969 3413 propter
990 3338 1118 3396 animam
1139 3337 1229 3402 illius

178 3421 375 3482 deducendam
401 3421 551 3481 advenisse
575 3423 715 3482 dicebant.
757 3423 918 3499 Statimque
940 3422 978 3482 ad
998 3425 1229 3500 percussionem

177 3509 293 3568 tabulae
315 3511 469 3583 excitatus,
494 3512 615 3568 smrexit
636 3518 665 3569 et
686 3513 822 3584 accurrit,
844 3517 873 3570 et
895 3513 962 3586 quia
984 3510 1115 3570 coelestis
1139 3521 1229 3574 esset

178 3598 333 3672 exereitus,
358 3613 376 3654 a
403 3597 507 3672 quibus
530 3595 650 3656 devotus
673 3595 824 3657 Genitricis
844 3597 902 3656 Dei
921 3597 1044 3658 famulus
1065 3597 1140 3658 foret
1163 3598 1227 3660 de-

197 3767 228 3834 r)
245 3764 331 3818 neor
349 3764 442 3834 quor.
462 3795 490 3805 -
512 3765 543 3832 2]
562 3766 594 3816 sn
617 3781 650 3816 ea
675 3781 715 3818 om
734 3765 784 3820 so.
806 3796 835 3806 -
855 3766 887 3832 s)
904 3765 945 3818 nr
962 3721 1058 3818 esset
1075 3765 1163 3820 arus.
1187 3802 1224 3811 .-

230 3836 279 3916 Δ4)
296 3834 318 3887 Β
336 3851 451 3899 essem,
468 3834 509 3887 ΑΡ
528 3851 601 3886 sum.
