2524 4252
379 317 382 325 ·
403 299 458 360 on
479 269 759 361 uonmnnmus.
1034 300 1097 360 soa

68 418 139 482 haec
161 420 249 482 verba
268 422 412 497 prorupit:
434 420 588 498 Computat
609 428 757 499 argentum
778 419 933 496 walterus,
956 419 1098 482 subtrabit

66 505 145 567 illud.
186 507 298 568 Deinde
320 509 452 568 manibus
474 509 635 585 complosis,
658 526 724 568 oum
745 507 834 567 multo
846 507 984 568 cachinno
999 508 1098 567 subie-

67 595 120 652 cit:
153 593 220 654 Plus
257 611 343 670 quam
374 595 511 654 ducentas
545 597 686 654 subtraxit
717 594 846 655 Waltero
875 611 996 654 marcas.
1048 593 1097 654 Sic

68 683 142 740 euim
165 698 199 741 ax
220 681 345 757 quadarn
366 683 500 758 superbia
515 684 611 742 vocari
632 680 752 742 solebat
794 681 929 742 Excitans
951 681 1098 740 dominnm

67 783 150 826 suum
172 767 357 843 docenium,
390 769 458 844 quid
490 769 590 828 viderit
617 771 756 828 recitavit.
797 768 836 826 Et
857 775 1033 844 compertum
1055 775 1098 827 est

68 855 144 928 quod
177 855 278 915 eadem
319 855 391 915 hora
409 857 613 938 exspiraverit.
672 855 856 930 Praepositus
886 872 954 915 vero
984 871 1098 916 omnem

66 941 140 1001 iilius
161 944 309 1018 pecuniam
332 942 405 1017 tulit,
425 959 556 1002 asserens
576 941 655 1002 illam
675 960 759 1002 suam
778 942 875 1002 fuisse.

397 1131 629 1197 CAPITULUM
656 1083 785 1194 ΧΙΛΝ.ἢ

92 1254 140 1312 Dc
160 1261 253 1313 monte
276 1253 429 1330 Godcfaidi
451 1257 584 1312 canonici
605 1258 700 1313 eoacti
720 1249 858 1313 Andreae
879 1257 911 1313 in
933 1253 1064 1314 Colonia.

130 1393 301 1454 Godesridus
322 1410 391 1453 vero
412 1411 470 1453 non
498 1397 591 1453 minus
624 1397 726 1455 misere
755 1394 905 1453 defunctus
933 1401 984 1453 eat.
1027 1393 1097 1452 Erat

66 1479 204 1555 siquidem
224 1497 329 1540 avarus
350 1480 450 1554 valde,
480 1487 508 1539 et
530 1499 663 1558 magnam
685 1485 713 1538 in
736 1485 814 1540 ouria
834 1482 986 1556 pecuniam
1007 1480 1097 1539 colle·

67 1577 154 1641 gerat
174 1568 230 1627 Die
252 1567 376 1643 quadarn
399 1575 526 1642 tempore
538 1565 557 1638 ¹-)
580 1569 704 1643 Philippi
719 1568 809 1643 Regis
817 1568 939 1626 Romani
960 1584 1097 1644 magnum

66 1653 93 1710 in
123 1654 208 1714 domo
237 1671 291 1714 sua
313 1654 488 1714 debitoribus
516 1654 621 1712 domiui
650 1658 694 1713 sui
723 1655 1029 1726 interdicencium,
1061 1669 1096 1712 ex

66 1745 191 1814 pecuniis
222 1742 350 1802 eiusdem
386 1741 526 1817 Philippi,
569 1759 640 1816 quas
667 1741 803 1816 Adolpho
831 1758 884 1816 pro
914 1741 1096 1800 coronatione

68 1825 198 1905 dederat,
228 1828 283 1888 illis
305 1828 522 1888 accommodata
542 1831 689 1888 restituere
710 1845 880 1904 proponens.
922 1825 999 1885 Ante
1021 1828 1096 1885 enirn

67 1913 180 1995 qnam²)
204 1915 239 1976 de
262 1914 363 1975 eodem
385 1917 515 1976 convivio
537 1922 687 1992 gustasset,
710 1915 860 1992 apoplexia
881 1919 974 1973 tactus
991 1913 1096 1973 obmu-

67 2003 126 2077 tuit,
148 2010 177 2062 et
197 2005 257 2062 sine
278 2003 455 2064 confessione
476 2009 563 2078 etque
585 2019 667 2062 sacra
689 2005 886 2062 communione
898 2003 1028 2076 spiritum
1043 2018 1096 2061 ex-

67 2085 180 2150 halavit.
232 2089 304 2150 Post
332 2092 412 2150 cuius
440 2097 561 2148 mortem
590 2089 703 2150 cuidam
736 2090 877 2149 sacerdoti
905 2089 970 2147 talis
1003 2088 1038 2147 de
1061 2105 1095 2146 eo

68 2175 136 2235 visio
159 2182 275 2236 ostensa
297 2183 348 2236 est.
400 2176 481 2235 Vidit
502 2193 567 2236 eum
590 2176 725 2236 Coloniae
747 2183 812 2235 ante
834 2182 981 2235 monetam
1000 2175 1096 2234 incudi

67 2261 241 2339 impositum3
275 2281 361 2340 quem
381 2262 510 2323 Jacobus
531 2262 761 2339 Judaeus,.imo
783 2262 960 2330 Judaeorurn
982 2264 1095 2338 episco-

68 2363 134 2426 pus,
162 2354 207 2410 cui
227 2350 320 2409 fuerat
340 2349 500 2425 familiaris,
532 2350 635 2409 malleo
665 2350 790 2410 extendit
816 2367 906 2425 usque
928 2349 967 2408 ad
989 2348 1096 2408 denarii

67 2439 237 2496 tenuitatem.
285 2437 324 2496 Et
358 2438 431 2497 bene
468 2438 661 2496 concordabat
696 2455 791 2512 poena
824 2437 934 2512 culpae.
987 2436 1096 2496 Fuerat

66 2523 137 2582 enim
159 2526 294 2601 magister
314 2529 455 2598 monetae,
477 2531 505 2583 et
516 2527 735 2584 monetariorum
747 2525 856 2600 socius;
880 2532 908 2582 et
930 2525 997 2599 quia
1018 2522 1095 2582 mul-

66 2611 121 2668 tam
141 2611 180 2670 ibi
202 2617 426 2688 congregaverat
446 2613 606 2687 pecuniam,
627 2611 704 2670 luere
726 2607 832 2670 ibidem'
854 2613 942 2678 visus
957 2615 1000 2668 est
1021 2627 1094 2669 ava-

64 2695 140 2756 ritiae
160 2715 291 2776 poenam.
335 2696 473 2774 Quaado
502 2705 592 2758 morte
613 2697 769 2758 Hermanni
791 2697 909 2758 secundi
930 2695 1042 2756 Decani
1064 2698 1093 2754 in

68 2778 180 2846 Colonia
200 2787 323 2862 percepi,
345 2803 403 2850 non
425 2781 567 2864 tacebo³).

399 2973 630 3036 onnrnnuun
659 2974 755 3036 xnv.
855 2961 859 2973 ’

157 3095 206 3156 Dc
227 3101 323 3154 monte
343 3095 512 3156 Hermanns'
532 3096 652 3155 secundi
673 3096 789 3155 Decons'
809 3098 842 3154 in
865 3093 997 3155 Colonia.
1097 3080 1106 3094 ¹

125 3215 194 3278 Erat
214 3217 290 3277 idem
311 3216 495 3278 Hermannus
527 3218 613 3277 homo
636 3217 757 3277 multum
778 3234 896 3291 avarus,
926 3222 956 3276 et
983 3224 1094 3276 amator

67 3305 206 3372 pecuniae.
254 3302 369 3364 Accidit
403 3312 469 3363 ante
498 3305 553 3364 hoc
575 3305 720 3366 biennium
741 3311 774 3364 ut
801 3305 954 3364 canonicus
977 3303 1092 3379 quidam

67 3383 219 3450 Bonnensis
241 3389 383 3452 Winn'cus
405 3393 534 3468 nomine,
562 3398 751 3470 cognomento
772 3390 901 3468 Stempel
926 3397 1092 3451 moreretur.

68 3471 120 3548 Qu
140 3480 236 3538 statim
257 3484 464 3553 postmortem
485 3478 599 3538 Erwiuo
628 3480 743 3538 maioris
766 3477 903 3538 acclesiae
923 3480 953 3536 in
975 3475 1094 3536 Colonia

69 3565 208 3640 canonico,
227 3567 257 3623 in
279 3567 385 3624 somnis
407 3582 548 3641 apparens
570 3568 624 3626 ait:
646 3566 730 3644 Rogo
751 3571 781 3626 te
794 3572 827 3624 nt
847 3564 884 3627 ad
901 3564 977 3624 diem
998 3578 1095 3622 meum

67 3651 173 3726 venias,
201 3659 267 3712 ante
296 3651 437 3728 capellam
457 3654 548 3712 sancti
568 3651 717 3730 NyohoIai.
766 3651 851 3729 Quod
878 3669 943 3712 cum
965 3649 1095 3708 &unus

85 3798 112 3866 1)
128 3809 274 3871 tempore
298 3819 338 3856 om
363 3801 500 3858 ARCDEF.
520 3834 551 3844 -
569 3805 602 3874 2)
620 3804 661 3858 GE
679 3811 852 3873 antequam
870 3801 958 3854 enim.
979 3829 1007 3840 -
1023 3797 1055 3867 3)
1074 3797 1093 3850 Β

130 3871 167 3924 ad
186 3889 346 3942 praesens
363 3873 427 3928 tibi
444 3890 504 3934 nen
522 3873 650 3928 tacebo.
