2512 4254
163 265 200 322 78
467 259 694 328 DISTINCTIO
716 259 891 322 SEPTIMA

161 385 237 446 ditur
264 385 367 444 beatae
387 384 514 461 Virginis
542 399 628 460 super
653 382 893 486 pulchritudinem
922 384 1048 460 corporis
1070 385 1133 446 eius
1150 385 1191 442 iu·
1246 369 1251 457 ξ

160 471 239 532 dices
258 473 336 546 moti,
356 473 386 529 in
407 472 462 531 hoe
485 467 718 550 convenerunt¹,)
739 475 772 530 ut
792 472 940 546 provincia
961 471 1095 532 abiurata
1114 471 1191 532 rire·

1246 459 1251 527 ι’

162 565 213 620 ret
256 557 343 661 Quod
366 576 431 618 cum
457 558 504 618 ille
525 558 672 632 abnueret,
694 567 723 617 et
743 557 862 617 diceret.
894 558 960 616 Non
981 557 1094 633 lacum,
1115 557 1192 618 meli·
1250 573 1251 608 ι

161 663 197 706 ιιι
225 650 269 706 est
296 649 372 706 enim
398 652 432 704 ut
459 645 506 704 hic
526 651 647 720 peccata
668 661 735 704 mea
754 644 833 704 luam
854 662 941 720 qnam
961 647 992 704 in
1012 645 1125 721 tuturo;
1150 661 1192 704 re·
1246 624 1252 707 l

161 732 354 810 sponderent.
381 731 449 792 Sine
462 737 531 790 tunc
540 727 608 811 ²)ut
624 730 781 791 decolleris.
822 731 888 790 Non
903 748 981 806 curo,
1001 733 1104 807 inquit,
1125 747 1192 808 qua·
1251 761 1253 774 ·

161 821 196 880 lis
218 823 255 880 sit
274 837 377 896 poena,
399 817 554 878 dummodo
576 818 698 878 occidar.
740 818 779 876 Et
797 817 854 876 illi:
879 819 932 878 Vis
954 824 986 878 ιιι
1006 825 1128 879 vocetur
1147 819 1193 877 tibi

160 905 314 968 sacerdos?
335 904 508 981 Responditr
532 905 597 964 Non
612 911 656 966 est
668 921 795 964 necesse.
837 905 945 965 Omnes
966 906 1043 965 enim
1061 905 1194 965 Christia-
1252 959 1253 968 ,

162 995 191 1055 ni
213 997 296 1069 estis,
318 993 450 1052 omnibus
471 992 555 1052 vobis
578 994 674 1050 omnis
694 998 815 1067 peccate
835 1009 902 1051 mea
923 992 1068 1052 confiteor.
1114 991 1193 1069 Quod

162 1099 228 1142 eum
258 1081 372 1140 fecisset
399 1096 466 1138 cum
493 1078 584 1138 multa
613 1081 796 1154 contritione,
823 1079 894 1138 nihil
921 1097 953 1139 se
981 1079 1051 1139 boni
1071 1097 1193 1154 unquam

160 1170 262 1228 iecisse
288 1166 461 1240 testabatur,
489 1172 603 1243 praeter
630 1165 700 1224 illud
728 1167 878 1240 ieiunium,
905 1166 984 1241 quod
1010 1185 1030 1228 a
1055 1165 1193 1226 monacho

162 1255 307 1315 didicerat
348 1253 454 1328 Sisque
472 1260 553 1312 extra
575 1254 719 1312 civitatem
741 1251 900 1312 decollatus
922 1259 974 1327 est,
995 1260 1024 1312 et
1045 1255 1075 1314 ιιι
1097 1252 1193 1313 eodem

160 1342 225 1402 loeo
247 1340 384 1416 sepultus.
426 1340 519 1399 Nocte
547 1340 648 1398 eadem
673 1339 774 1415 vigiles
800 1346 948 1415 portarum
970 1343 1046 1400 circs
1068 1342 1130 1401 eius
1150 1347 1193 1398 tu-

115 1437 116 1445 ’
162 1427 271 1488 mulum
298 1427 448 1486 luminaria
475 1427 616 1486 viderimt
659 1425 793 1502 Quinque
821 1429 897 1486 enim
924 1435 1073 1488 matronae
1096 1443 1193 1504 corpus

164 1513 338 1589 effodientes,
356 1520 385 1574 et
399 1519 485 1589 eaput
503 1515 615 1590 corpori
629 1512 807 1588 adoptantes,
828 1521 985 1588 posuerunt
1005 1516 1034 1572 in
1056 1509 1194 1592 feretro³),

162 1604 250 1662 mnae
277 1608 407 1662 texturae
435 1617 562 1677 purpura
589 1601 758 1676 superiecta
800 1600 846 1658 Ex
868 1601 972 1676 quibus
994 1608 1120 1677 quatuor
1137 1603 1192 1660 sin·

161 1689 244 1767 gulas
273 1688 406 1750 candelas
434 1687 568 1747 ardentes
595 1689 625 1746 in
653 1687 786 1746 manibus
814 1687 970 1762 habentes,
1002 1703 1056 1763 per
1076 1694 1194 1764 quatuor

160 1784 257 1852 partes
277 1776 413 1836 feretrum
433 1775 574 1849 tollentes,
596 1776 695 1849 quinta
707 1791 782 1850 quae
803 1772 958 1833 clarissime
979 1776 1109 1834 omilium
1129 1780 1193 1847 erat,

161 1881 227 1924 cum
248 1863 369 1923 candela
389 1869 526 1937 sequente
548 1860 586 1920 ad
606 1867 719 1936 portam
741 1877 833 1935 nsque
853 1867 1007 1936 renuunt,
1031 1862 1073 1920 ibi
1095 1877 1194 1938 eorpus

162 1949 346 2026 deponentes.
389 1947 530 2007 Custodes
550 1950 606 2006 ista
626 1947 764 2021 videntes,
785 1949 953 2028 timasium,
977 1954 1114 2023 putantes
1135 1963 1194 2008 esse

159 2038 310 2096 fantasma.
354 2035 466 2112 Quibus
493 2035 543 2094 illa
572 2034 698 2093 dicebat:
727 2033 822 2092 Dicite
848 2034 993 2111 Episcopo
1022 2045 1135 2112 vestro,
1164 2039 1194 2092 ιιι

162 2124 340 2200 capellanum
369 2139 466 2181 meum
492 2123 615 2181 avobis
637 2120 821 2197 decollatum,
849 2124 879 2179 in
900 2122 951 2181 tali
971 2121 1035 2182 loco
1058 2122 1194 2183 ecclesiae
1254 2117 1255 2128 ‘

97 2206 100 2220 '
161 2210 317 2271 honorifice
334 2209 462 2285 sepeliat,
490 2211 582 2268 minas
604 2208 713 2268 addens
734 2210 759 2266 ιι
778 2208 944 2284 negligeret.
984 2209 1024 2268 Et
1039 2209 1195 2270 nominarit

160 2316 201 2359 se.
243 2297 331 2356 Mane
360 2313 426 2356 cum
446 2296 591 2372 Episcopo
620 2295 693 2354 haec
728 2297 864 2354 nunciata
885 2301 995 2371 essent,
1022 2313 1091 2380 eum
1115 2295 1194 2356 Olero

161 2391 190 2444 et
210 2385 317 2460 populo
340 2378 474 2462 exienst),
494 2399 651 2459 purpuram
673 2382 819 2456 deposuit,
841 2389 929 2457 caput
947 2386 1111 2464 praecisum
1133 2399 1194 2444 cor·

159 2475 222 2548 pori
242 2474 355 2530 unitum
375 2470 485 2543 videns,
509 2472 633 2545 expavit,
653 2475 853 2545 texturamque
874 2485 1017 2544 purpurae
1038 2470 1193 2532 humanum

160 2559 310 2618 artificium
333 2556 517 2616 excedentem
538 2557 708 2629 admiratus,
728 2556 825 2614 relatis
847 2556 974 2631 credidit,
994 2557 1194 2633 hominemque

161 2664 227 2705 cum
248 2647 348 2703 timore
371 2643 528 2702 ethonore
549 2645 690 2716 maximo,
718 2659 775 2702 non
797 2649 830 2702 ut
860 2641 1014 2719 latronem,
1044 2643 1096 2704 sed
1125 2647 1194 2705 sicin

118 2805 122 2810 ᾖ
161 2733 265 2792 Christi
290 2737 444 2807 martyrem
472 2732 501 2788 in
529 2729 592 2789 loco
623 2727 771 2805 designato
798 2729 937 2805 sepelivit.
978 2730 1028 2790 Ab
1049 2730 1099 2790 illo
1121 2738 1193 2791 tem·

160 2837 230 2895 pore
252 2836 343 2894 usque
364 2816 449 2878 hodie
468 2818 517 2874 vix
538 2817 640 2892 siquis
661 2816 776 2876 adultus
789 2814 826 2874 'in
845 2816 895 2874 illa
915 2819 1064 2892 provincia
1083 2819 1193 2880 inveni-

160 2914 221 2981 tur,
250 2909 298 2982 qui
319 2908 380 2965 eins
410 2903 540 2979 exemplo
570 2905 645 2962 diem
667 2904 781 2963 sabbati
806 2906 835 2962 in
863 2902 1001 2964 honorem
1009 2901 1030 2984 ⁵)
1052 2905 1194 2966 Dominae

159 3001 274 3052 nostrae
287 3010 345 3050 non
365 2995 479 3052 ieiunet
522 2988 725 3050 NOVICIUS:
748 2990 921 3065 Cumopera
942 2991 1020 3050 bona
1042 2997 1123 3052 extra
1145 3008 1193 3051 ca·

160 3081 272 3139 ritatem
286 3079 370 3153 sacta,
392 3083 504 3137 mortua
523 3080 588 3152 sint,
610 3077 754 3152 quomodo
776 3079 920 3151 ieiunium,
940 3079 1001 3137 sive
1023 3077 1102 3138 aliud
1123 3093 1193 3153 opus

161 3164 320 3226 secundum
340 3182 430 3241 genus
453 3162 599 3243 bonnm⁶),
623 3163 900 3241 temporelatroeinii
921 3171 1044 3240 gestum,
1065 3164 1120 3224 Dei
1134 3163 1192 3223 Ge-

158 3255 250 3312 nitriei
263 3251 377 3327 placere
394 3251 507 3327 potuit?
528 3250 764 3311 MONACHUS:
786 3251 843 3310 Per
864 3251 1019 3325 obequium
1041 3252 1119 3327 quod
1140 3252 1192 3310 be-

99 3331 110 3350 *
159 3347 224 3400 atae
245 3338 356 3414 Virgini
376 3339 528 3413 impendit,
553 3337 678 3397 habilem
699 3354 731 3397 se
751 3336 874 3395 reddidit
894 3340 1018 3414 gratiae3
1047 3357 1099 3415 per
1120 3338 1192 3398 fina-

158 3427 215 3486 lem
246 3427 444 3484 contritionem
471 3425 563 3483 sactus
589 3433 634 3484 est
653 3423 727 3482 filius
749 3423 871 3498 gloriae3
900 3441 952 3499 per
972 3442 1099 3500 poenam
1119 3433 1192 3484 tem-

158 3513 285 3590 poralem
307 3529 394 3588 qpam
414 3503 535 3570 libenter
555 3527 590 3569 se
611 3512 753 3585 patienter
773 3512 920 3585 sustinuit,
942 3515 1100 3588 purgatorii
1120 3528 1192 3590 poe-

158 3618 211 3661 nas
233 3601 334 3661 evasit.
375 3598 441 3658 Non
469 3597 544 3656 enim
565 3599 648 3673 punit
668 3595 750 3655 Deus
771 3597 844 3656 bis
836 3598 1027 3674 inidipsum,
1055 3601 1111 3658 nisi
1130 3615 1191 3658 me-

176 3763 1190 3841 1)Brnot1condrxerunt2)ABClitamen.--3)Bferetrum.
1236 3749 1245 3772 ’

227 3871 258 3882 -
277 3841 310 3910 l)
327 3839 373 3894 Β
365 3854 437 3906 ipse
459 3837 631 3894 exiens—
649 3835 682 3904 5)
699 3833 719 3888 B
738 3834 920 3887 honora-
889 3836 972 3903 -oJ
991 3835 1011 3889 G
1028 3835 1190 3892 honorum.
