2608 4252
225 269 264 327 68
528 265 756 330 DISTINGTIO
777 265 952 328 suenum

224 395 252 446 ct
265 385 433 447 bohemum
447 391 650 448 aromatizans
672 389 792 448 odoron
813 389 887 462 dedi,
908 395 937 448 et
959 394 1053 448 cetera
1064 385 1091 469 ¹).
1125 387 1256 466 Quantae

222 476 396 638 re'ixrtegtssslugt
426 477 535 552 getiae
563 475 664 534 eadem
694 477 751 535 sint
776 481 919 568 ungenta,
951 493 1074 552 aequem
1102 475 1256 536 declarabit

524 752 757 814 unumunurn
777 749 955 833 navtur)

278 877 328 936 De
348 877 579 948 sanctimoniali,
601 879 685 936 onius
707 873 818 954 lybiam
840 875 952 934 tamam
972 881 1076 934 saneto
1097 873 1203 934 Maria

477 966 510 1022 in
530 966 641 1022 mone
661 966 804 1038 perunxit
826 969 854 1022 et
874 965 1001 1022 sanauit

287 1099 413 1178 Contigit
440 1107 507 1162 ante
535 1119 626 1161 anuos
652 1118 762 1177 paucos
789 1103 819 1160 in
841 1099 967 1176 quodam
988 1100 1126 1161 coenobio
1148 1101 1254 1159 saneti·

220 1187 386 1247 mordelium
401 1187 505 1248 ordinis
526 1191 615 1248 nostri
635 1190 705 1248 satis
725 1187 795 1246 milri
809 1194 885 1263 noto,
907 1205 953 1248 res
973 1187 1059 1247 valde
1073 1185 1254 1248 delectabilis.

220 1273 275 1333 Est
299 1276 341 1334 ibi
367 1275 510 1351 quaedam
531 1292 626 1350 soror,
655 1281 684 1335 et
703 1275 768 1351 ipsa
788 1275 857 1333 mihi
878 1281 960 1349 nota,
988 1277 1066 1336 vitae
1085 1273 1254 1350 probabilis,

220 1361 399 1438 multumque
424 1363 537 1423 fervens
566 1365 595 1421 iu
624 1362 763 1437 obsequio
784 1363 889 1422 beatae
909 1361 1044 1439 Virginis.
1085 1360 1169 1420 Haeo
1193 1379 1254 1420 oum

220 1450 250 1505 in
272 1449 486 1526 genuflexione,
510 1452 598 1508 nimio
627 1449 789 1525 impellente
816 1449 943 1524 fervore,
976 1456 1103 1523 tempore
1131 1448 1253 1523 quodam

116 1527 120 1549 *
220 1551 298 1612 genu
309 1537 358 1597 vel
371 1538 481 1614 lybiam
496 1536 682 1611 vulnerasset,
703 1543 791 1612 atque
810 1535 928 1594 meridie
942 1538 972 1594 in
991 1533 1165 1594 infirmitorio
1190 1535 1253 1594 dor-

220 1625 312 1700 miret,
332 1625 395 1684 visa
417 1626 510 1684 estin
532 1627 639 1684 somnis
661 1619 713 1703 ei²)
735 1629 829 1682 astare
846 1623 934 1682 beata
947 1623 1037 1698 Virgo
1059 1621 1160 1698 Maria,
1181 1623 1253 1698 piri·

221 1707 287 1770 dem
308 1713 426 1788 ungenti
446 1717 564 1787 portans
592 1713 621 1768 in
648 1728 737 1769 manu
757 1727 820 1769 sua.
862 1709 1058 1784 Immissisqne
1080 1707 1193 1786 digitis,
1222 1707 1253 1766 de

221 1797 323 1858 eodem
351 1803 477 1875 ungento
503 1795 835 1874 perunxitvulneratam
854 1797 966 1873 tybiam
986 1797 1110 1872 virginis.
1153 1794 1252 1855 Statim

220 1889 301 1944 tanta
313 1881 463 1962 flagrantia
484 1885 571 1958 affluit,
593 1889 626 1942 ut
646 1900 758 1943 sorores
779 1884 809 1942 in
822 1885 951 1958 proximo
967 1881 1147 1958 dormientes,
1168 1881 1253 1942 odore

219 1969 295 2031 illius
324 1969 463 2030 &citatae
490 1977 654 2047 surgerent,
682 1976 711 2029 et
738 1970 777 2030 ad
806 1969 912 2029 lentum
938 1972 999 2029 eius
1025 1969 1190 2044 venientes,
1222 1985 1252 2028 eo

221 2057 300 2134 quod
319 2061 411 2118 maior
430 2058 471 2117 ibi
487 2061 638 2118 sentiretur
657 2060 747 2117 uirtus
760 2057 863 2134 odon's,
884 2055 1072 2116 dormientem
1092 2057 1252 2116 excitarent

222 2143 276 2204 Cui
305 2162 371 2204 oum
398 2147 574 2222 signassent,
603 2146 667 2220 quis
696 2144 744 2204 vel
771 2145 848 2204 nude
877 2148 953 2203 esset
973 2142 1045 2203 odor
1065 2148 1178 2218 taulus,
1209 2141 1254 2200 ille

222 2249 327 2294 onusae
348 2248 406 2292 non
427 2235 537 2308 ignara,
557 2233 615 2290 imo
637 2247 689 2307 per
710 2231 812 2290 eadem
833 2233 914 2308 sigua
933 2233 992 2290 iam
1014 2230 1050 2290 de
1069 2232 1192 2290 veritate
1213 2231 1253 2287 ri-

102 2391 108 2404 ,
220 2321 307 2378 sionis
321 2320 424 2379 certior
436 2319 546 2394 effecta,
566 2318 636 2377 nihil
647 2317 702 2378 illis
716 2318 810 2379 dicere
822 2317 870 2378 vel
882 2319 1027 2394 resignare
1042 2313 1170 2398 voluit2),
1191 2324 1253 2376 tan·

220 2411 283 2464 tum
303 2408 439 2480 innuens,
470 2412 503 2464 nt
522 2408 596 2464 irent
617 2405 777 2463 dormitum.
820 2405 902 2482 Quae
923 2422 989 2464 cum
1009 2421 1122 2463 nusum
1150 2403 1253 2463 obdor-

220 2489 387 2572 mivissetl),
409 2494 511 2552 iterum
532 2493 613 2552 affuit
629 2498 721 2552 mater
733 2491 858 2567 Domini,
879 2508 977 2551 seeum
997 2490 1076 2550 illam
1096 2507 1149 2566 per
1169 2491 1253 2550 visio·

219 2595 287 2638 nem
309 2578 415 2639 ducens
436 2581 466 2638 in
486 2581 653 2655 pomerium.
697 2578 750 2638 Cui
778 2597 896 2638 manum
923 2579 976 2638 sub
1007 2583 1104 2637 manto
1132 2594 1253 2656 ponens,

221 2661 338 2746 diuiti:
354 2665 456 2726 'Modo
479 2666 595 2726 demitte
607 2662 629 2746 ⁵)
656 2671 686 2726 te
712 2683 798 2742 super
818 2683 913 2742 genua
933 2672 993 2724 tua.
1033 2664 1120 2741 Quod
1135 2681 1201 2723 eum
1213 2663 1253 2721 ie-

220 2755 322 2829 cisset,
350 2752 477 2813 Domina
503 2758 601 2813 nostra
618 2751 788 2812 subinnuit:
816 2752 864 2812 De
893 2757 987 2812 cetero
1016 2753 1057 2810 sie
1079 2749 1208 2812 modeste
1228 2755 1254 2807 et

220 2839 397 2915 disciplinate
419 2839 507 2906 debes
527 2843 625 2916 petere
643 2842 767 2916 veniam,
786 2841 930 2898 instruens
950 2837 1037 2898 illam.
1079 2837 1119 2896 Et
1139 2837 1253 2898 adiecit:

220 2925 345 3003 Singulis
367 2925 468 2987 diebm
489 2929 682 3002 sequentiam,
703 2928 767 2986 Ave
787 2927 846 2986 Dei
868 2923 1018 2998 dentato,
1039 2919 1142 3006 mihi⁷)
1165 2925 1254 2984 dicere

220 3010 318 3090 debes,
340 3019 370 3072 et
389 3014 428 3073 ad
448 3013 575 3092 singulos
596 3031 697 3073 versus
717 3015 833 3074 veniam
851 3019 960 3091 petere.
1001 3010 1128 3071 Multum
1149 3005 1253 3090 euim⁸)

219 3101 249 3158 in
270 3117 306 3160 ea
327 3099 461 3160 delector.
502 3099 732 3162 Sanctimonialis
753 3116 823 3160 vero
845 3099 999 3176 evigilans,
1030 3105 1063 3160 ut
1084 3100 1254 3174 experiretur

219 3188 343 3246 siesset
368 3186 470 3263 aliquis
497 3189 527 3247 in
554 3189 664 3248 visione
686 3188 818 3262 effeetus,
846 3187 957 3262 lybiam
979 3188 1142 3262 conspexit,
1171 3201 1253 3260 quam

219 3290 278 3333 nou
305 3275 366 3332 sine
393 3274 484 3333 multa
515 3274 702 3334 admiratione
730 3281 862 3334 sanatam
889 3275 1006 3332 invenit
1054 3269 1253 3332 NOVIGIUS:

220 3359 367 3437 Quantum
389 3377 425 3420 ex
446 3361 501 3420 hae
522 3363 631 3421 visione
653 3363 781 3436 ooniioio,
802 3361 895 3418 minus
915 3359 1012 3436 placet
1031 3360 1134 3419 beatae
1147 3356 1254 3434 Virgini

219 3450 249 3508 in
270 3447 446 3510 orationibus
466 3447 561 3508 iervor
580 3447 763 3524 indiscretus,
777 3453 822 3521 ,et
846 3448 876 3506 iu
896 3445 1142 3524 genuflexionibus
1162 3449 1254 3504 motus

239 3635 271 3704 i)
287 3633 365 3688 Eocli.
383 3633 426 3698 24,
443 3625 490 3685 20,Ι
503 3661 537 3680 .--
555 3631 587 3700 *J
605 3631 694 3682 llornil.
712 3631 732 3684 l.
749 3647 774 3698 p.
793 3632 836 3683 24.
855 3662 886 3672 -
905 3632 938 3700 2)
950 3631 1016 3685 Boo
1033 3633 1064 3683 ei
1081 3634 1113 3684 in
1128 3631 1253 3684 somnis.

291 3734 323 3746 -
342 3703 413 3772 3)1)
431 3701 544 3754 dicore
566 3699 676 3752 voluit
698 3700 753 3752 vel
771 3702 914 3768 signare.
933 3731 965 3741 -
983 3702 1015 3770 4)
1032 3700 1078 3754 BD
1096 3700 1253 3753 obdormi-

289 3775 427 3830 vissent
447 3801 477 3814 -·
497 3771 528 3838 5)
545 3769 568 3822 Β
586 3769 640 3820 sit.
660 3798 689 3808 -
710 3769 743 3836 6)
759 3769 825 3822 BDP
842 3768 978 3822 dimitte.
996 3799 1028 3812 -
1047 3771 1080 3838 7)
1097 3769 1162 3826 nor
1180 3769 1252 3824 milti

290 3843 326 3898 nd
348 3844 516 3908 honorem,
533 3838 555 3892 B
573 3837 647 3891 milri
664 3835 701 3888 sd
719 3837 852 3892 laudern.
871 3869 902 3880 -
921 3839 954 3907 8)
971 3841 1054 3890 euim
1072 3855 1114 3892 nm
1131 3838 1183 3895 Bc.
