2512 4254
301 309 357 372 nn
376 309 561 374 omnesne
581 309 818 404 vrsroumos.
1026 309 1085 372 151

353 484 587 548 GAPITULUM
612 486 788 548 LXXXIV.
1077 575 1079 582 Ι

147 607 194 668 De
215 624 278 668 cere
299 615 421 669 sanctae
442 607 630 668 Katlrerr'reoe
651 608 733 684 quod
753 609 850 668 donn
870 605 999 666 etdlour‘t

118 728 225 790 Retulit
244 729 327 790 uobis
349 729 481 790 domiuus
502 729 644 790 chricus
665 729 768 790 Abbes
791 727 826 790 de
847 727 991 802 Soimcnu,
1012 727 1090 804 quod
1103 711 1125 731 '⁹

65 813 95 876 de
114 831 175 878 osse
196 817 258 876 eius
280 815 348 878 dum
368 818 452 878 nobis
474 816 510 877 de
532 816 633 878 eodem
649 816 819 893 particulam
838 815 989 892 treugcret,
1008 820 1091 892 gutte

64 900 113 962 olei
139 905 230 980 empit
244 900 272 982 ¹).
315 902 410 981 Quem
439 921 476 963 ne
504 910 720 988 superterram
741 903 871 978 cederet,
899 904 948 962 vix
967 903 1091 962 retinuit.

63 985 114 1048 Sed
133 989 202 1068 quid
223 989 317 1050 dicem
338 989 374 1051 de
395 997 491 1068 gutte,
520 1007 587 1051 curu
609 993 669 1050 eius
690 1008 773 1052 secte
793 985 938 1070 tumbe2),
965 991 1041 1048 sicut
1060 985 1091 1046 hi

64 1077 152 1152 quiin
171 1078 288 1138 metenti
308 1075 344 1137 de
365 1077 447 1156 Syna
467 1083 607 1144 venerunt
627 1083 781 1153 testantur,
810 1076 874 1137 oleo
903 1079 941 1136 sit
961 1071 1090 1150 repleta?

64 1159 193 1224 Viderunt
221 1165 298 1224 enim
326 1170 414 1241 ceput
443 1165 504 1225 eius
533 1183 599 1226 cum
629 1164 736 1241 capillis
757 1171 787 1225 et
807 1165 920 1226 ossibus
940 1169 1040 1222 notare
1059 1163 1090 1220 in

65 1247 128 1310 oleo.
167 1249 215 1310 Dc
244 1267 302 1328 quo
330 1268 401 1312 oum·
425 1269 444 1312 e
472 1251 620 1320 monachis
648 1251 703 1312 loci
732 1250 844 1312 diversa
873 1247 992 1310 vaseula
1017 1249 1091 1310 sueri

63 1331 169 1412 liquoris
189 1339 356 1414 reciperent,
377 1345 437 1398 tam
458 1341 542 1400 nobis
563 1357 651 1414 quem
673 1341 773 1400 ceteris
786 1339 922 1415 religiosis
943 1343 1090 1397 reverten-

64 1427 101 1482 tes
120 1424 219 1486 eedem
239 1442 291 1504 pro
313 1418 511 1486 benedictione
537 1425 704 1486 murmure
744 1423 948 1486 NOVIOIUS:
976 1421 1090 1484 Vellem

63 1525 130 1570 nunc
155 1511 268 1588 adquae
296 1511 331 1572 de
358 1514 462 1574 nostris
484 1513 657 1590 virginibus,
685 1511 792 1573 scilicet
812 1511 944 1570 undecim
965 1509 1090 1570 millibus

65 1595 151 1658 eudirs
164 1601 297 1674 visiones,
319 1616 394 1675 quae
414 1617 468 1659 nos
488 1599 527 1659 ed
546 1600 712 1676 ampliorem
732 1597 844 1658 illerum
865 1600 1015 1658 incitarent
1035 1613 1090 1656 ve-

65 1686 239 1746 nerationem.
281 1684 659 1748 MONACHUsrReferam
687 1687 738 1746 tibi
767 1684 910 1762 quaedum
939 1701 1013 1761 quae
1034 1683 1090 1743 hu·

65 1767 187 1832 lentius
222 1789 320 1834 eurum
351 1773 502 1850 reliquias,
533 1776 633 1834 terrori
662 1775 718 1833 sint
745 1774 770 1833 si
799 1775 874 1833 circe
904 1771 967 1832 illos
988 1770 1091 1830 suerint
1199 1765 1201 1769 ’

66 1857 243 1938 negligentes,
264 1859 450 1920 consolationi
471 1867 568 1920 autem
589 1862 614 1921 si
634 1860 749 1920 habitus
769 1864 949 1921 venerentur.

358 2032 597 2096 cAPrmLUM
620 2033 780 2096 LXXXV.
875 2057 889 2080 0

119 2153 303 2216 vesosem
323 2151 445 2227 Μ’)
468 2155 630 2232 uirpr'rribeo
653 2175 730 2232 quae
751 2155 787 2215 de
807 2155 1032 2216 Folcoldeerode

370 2261 505 2303 reuersae
525 2249 596 2303 reret
618 2243 781 2303 Coloniam.

121 2357 154 2421 ln
184 2359 435 2445 Folcoldesrode⁴)
472 2363 557 2425 domo
591 2365 696 2426 ordinis
729 2364 922 2426 cisterciensis
954 2377 1030 2438 quoe
1061 2363 1091 2420 in

67 2441 211 2526 lilingis
231 2451 286 2509 situ
308 2455 367 2526 est,
393 2449 497 2512 Abbes
518 2451 636 2527 quidem
657 2458 723 2511 ante
744 2468 836 2511 annos
857 2466 965 2528 paucos
987 2448 1091 2509 dedin-

68 2535 121 2591 ctus
140 2542 192 2611 est,
213 2537 262 2612 qui
284 2539 360 2597 cuce
372 2539 682 2614 cunctorumreliquiss
703 2541 773 2598 setis
794 2540 940 2598 exstiteret
961 2536 1091 2597 devotus

67 2611 139 2680 Unde
165 2627 195 2683 et
213 2621 356 2686 Dominus
382 2624 546 2686 huiusmodi
574 2627 602 2686 ei
626 2627 766 2686 visionem
787 2624 936 2686 ostendere
959 2623 1091 2700 dignetis

68 2711 112 2764 est
149 2708 241 2770 Nocte
263 2710 388 2786 quedem
408 2713 438 2769 in
460 2715 566 2772 somnis
583 2711 732 2772 Coloniam
751 2713 781 2772 in
803 2711 952 2772 ecclesiam
974 2715 1091 2769 sancte-

68 2805 120 2852 mm
138 2795 270 2858 undecim
290 2797 411 2857 millium
430 2799 573 2876 virginum
589 2816 620 2858 se
633 2801 836 2875 nanspositum
849 2798 928 2872 vidit,
941 2797 991 2864 ubi
1012 2802 1092 2855 extre

68 2877 119 2938 eius
147 2889 229 2959 septa
259 2883 340 2943 iuxta
372 2885 516 2960 quendem
544 2903 657 2945 murum
686 2883 772 2966 duo‘)
800 2887 942 2962 virgiuum
971 2897 1092 2958 corpore

68 2967 167 3041 sepulte
187 2969 325 3031 intellexit
332 2966 363 3051 ⁶).
405 2970 476 3031 Mox
498 2971 646 3032 Coloniam
666 2990 790 3051 pergens
812 2978 841 3032 et
861 2971 957 3030 locum
977 2968 1092 3030 revele-

68 3055 119 3112 tum
138 3072 172 3116 ex
193 3054 331 3138 cuneum)
352 3057 463 3119 iudiciis
485 3076 670 3137 cognoscens,
691 3059 878 3120 Abbatissem
899 3058 977 3131 adiit,
996 3059 1091 3117 visum

68 3144 198 3220 exposuit,
226 3150 256 3203 et
275 3149 308 3204 ut
335 3143 390 3204 sibi
418 3163 555 3222 quaerere
575 3145 673 3208 liceret
694 3153 767 3222 ques
787 3147 898 3206 viderat
917 3147 1034 3222 petivit,
1063 3151 1092 3203 et

86 3253 113 3324 i)
128 3255 147 3310 B
164 3261 322 3327 eruperit
342 3290 373 3300 -
393 3259 455 3328 2)ss
472 3262 620 3314 thecn—
638 3263 671 3331 3)
689 3262 776 3316 corrC
793 3261 832 3314 de
850 3261 956 3316 trihus
973 3261 1092 3323 sacris,

124 3325 194 3380 l’de
217 3331 322 3383 sacris
345 3329 462 3384 tribus.
481 3362 512 3372 -
531 3333 564 3401 1)
581 3330 756 3386 Volckenrode
774 3331 873 3385 obbatis
892 3332 1019 3385 Dioeoesis
1037 3329 1092 3382 lio·

173 3399 256 3462 tinne,
279 3397 360 3452 tribus
383 3399 437 3452 iero
460 3401 580 3454 miliariis
603 3402 634 3454 rb
658 3401 752 3470 oppido
769 3401 935 3455 lddhlheusen
952 3400 1091 3462 disiuncto,

135 3468 225 3520 undele
247 3477 288 3521 est
310 3469 342 3520 eir
364 3467 519 3542 llelinburge
540 3471 674 3524 Comitisse
692 3471 724 3524 de
741 3472 861 3526 Gleiclren
878 3487 945 3524 runo
963 3470 1039 3524 1131.
1057 3495 1090 3508 -

125 3536 1091 3664 111ῑ,1.“1,11’1,ηῑ..ἰ>.1;ῑ1111311111

125 3625 350 3741 christeae&
380 3681 407 3733 in
429 3678 471 3733 cu
500 3695 634 3750 querum
663 3682 792 3733 nomine
818 3647 896 3732 suut,
917 3643 1091 3730 Thenmetss

125 3752 153 3796 el
168 3748 221 3816 (et
238 3763 279 3800 orn
293 3745 330 3817 G)
345 3746 517 3802 Eleumetu
534 3748 705 3814 etSedeie3
722 3751 748 3802 in
765 3749 788 3804 Α
806 3757 889 3802 eutem
907 3745 1000 3798 obelis
1014 3757 1090 3796 mruu

124 3813 153 3866 ed
168 3820 305 3888 marginem
320 3819 414 3887 scripte
431 3826 491 3870 runt
507 3817 583 3871 hoec:
602 3834 734 3887 querunt
750 3819 878 3870 nornine
896 3823 970 3869 runt
987 3811 1089 3866 Theu-

124 3894 221 3954 netu,
236 3885 423 3955 etenum,
439 3887 565 3942 Sentis.
584 3915 615 3928 -
628 3887 661 3958 ’1)
676 3887 697 3940 Β
714 3888 828 3942 certis.
