<?xml version="1.0" encoding="UTF-8"?>
<!DOCTYPE html PUBLIC "-//W3C//DTD XHTML 1.0 Transitional//EN"
    "http://www.w3.org/TR/xhtml1/DTD/xhtml1-transitional.dtd">
<html xmlns="http://www.w3.org/1999/xhtml" xml:lang="en" lang="en">
 <head>
  <title>
</title>
<meta http-equiv="Content-Type" content="text/html;charset=utf-8" />
  <meta name='ocr-system' content='tesseract 3.04.00' />
  <meta name='ocr-capabilities' content='ocr_page ocr_carea ocr_par ocr_line ocrx_word'/>
</head>
<body>
  <div class='ocr_page' id='page_1' title='image "./caesariiheister02stragoog_0286.png"; bbox 0 0 2506 4254; ppageno 0'>
   <div class='ocr_carea' id='block_1_1' title="bbox 386 277 1083 343">
    <p class='ocr_par' dir='ltr' id='par_1_1' title="bbox 386 277 1083 343">
     <span class='ocr_line' id='line_1_1' title="bbox 386 277 1083 343; baseline -0.001 -1"><span class='ocrx_word' id='word_1_1' title='bbox 386 279 441 342; x_wconf 85' lang='lat' dir='ltr'>DE</span> <span class='ocrx_word' id='word_1_2' title='bbox 461 277 743 343; x_wconf 80' lang='lat' dir='ltr'><strong>MORIENTIBIJS.</strong></span> <span class='ocrx_word' id='word_1_3' title='bbox 1022 283 1083 342; x_wconf 76' lang='lat'>275</span> 
     </span>
    </p>
   </div>
   <div class='ocr_carea' id='block_1_2' title="bbox 64 401 1124 911">
    <p class='ocr_par' dir='ltr' id='par_1_2' title="bbox 64 401 1124 911">
     <span class='ocr_line' id='line_1_2' title="bbox 66 401 1086 481; baseline -0.002 -17"><span class='ocrx_word' id='word_1_4' title='bbox 66 404 100 464; x_wconf 86' lang='lat' dir='ltr'>ab</span> <span class='ocrx_word' id='word_1_5' title='bbox 124 420 156 466; x_wconf 85' lang='lat' dir='ltr'>eo</span> <span class='ocrx_word' id='word_1_6' title='bbox 176 403 243 481; x_wconf 84' lang='lat' dir='ltr'>quid</span> <span class='ocrx_word' id='word_1_7' title='bbox 263 404 320 464; x_wconf 85' lang='lat' dir='ltr'>hoo</span> <span class='ocrx_word' id='word_1_8' title='bbox 342 410 419 464; x_wconf 83' lang='lat' dir='ltr'>esset</span> <span class='ocrx_word' id='word_1_9' title='bbox 438 401 575 462; x_wconf 81' lang='lat' dir='ltr'><strong>miraculi.</strong></span> <span class='ocrx_word' id='word_1_10' title='bbox 617 403 775 480; x_wconf 83' lang='lat' dir='ltr'>Postquam</span> <span class='ocrx_word' id='word_1_11' title='bbox 796 407 893 462; x_wconf 88' lang='lat' dir='ltr'>autem</span> <span class='ocrx_word' id='word_1_12' title='bbox 914 402 969 462; x_wconf 86' lang='lat' dir='ltr'>eibi</span> <span class='ocrx_word' id='word_1_13' title='bbox 989 401 1086 462; x_wconf 90' lang='lat' dir='ltr'>reddi·</span> 
     </span>
     <span class='ocr_line' id='line_1_3' title="bbox 66 488 1122 567; baseline -0.003 -17"><span class='ocrx_word' id='word_1_14' title='bbox 66 497 106 550; x_wconf 83' lang='lat' dir='ltr'>tus</span> <span class='ocrx_word' id='word_1_15' title='bbox 125 498 180 567; x_wconf 89' lang='lat' dir='ltr'>est,</span> <span class='ocrx_word' id='word_1_16' title='bbox 205 494 246 552; x_wconf 89' lang='lat' dir='ltr'>ita</span> <span class='ocrx_word' id='word_1_17' title='bbox 268 490 361 551; x_wconf 79' lang='lat' dir='ltr'>dicere</span> <span class='ocrx_word' id='word_1_18' title='bbox 380 506 500 550; x_wconf 87' lang='lat' dir='ltr'>exorsus</span> <span class='ocrx_word' id='word_1_19' title='bbox 522 490 664 550; x_wconf 71' lang='lat' dir='ltr'>estillic</span> <span class='ocrx_word' id='word_1_20' title='bbox 698 506 751 566; x_wconf 89' lang='lat' dir='ltr'>ego</span> <span class='ocrx_word' id='word_1_21' title='bbox 774 489 843 565; x_wconf 91' lang='lat' dir='ltr'>quid</span> <span class='ocrx_word' id='word_1_22' title='bbox 863 488 959 549; x_wconf 79' lang='lat' dir='ltr'>facio?</span> <span class='ocrx_word' id='word_1_23' title='bbox 1004 489 1122 549; x_wconf 81' lang='lat' dir='ltr'>Certe</span> 
     </span>
     <span class='ocr_line' id='line_1_4' title="bbox 65 574 1087 658; baseline 0 -22"><span class='ocrx_word' id='word_1_24' title='bbox 65 575 106 638; x_wconf 83' lang='lat' dir='ltr'>hio</span> <span class='ocrx_word' id='word_1_25' title='bbox 124 595 183 638; x_wconf 88' lang='lat' dir='ltr'>esse</span> <span class='ocrx_word' id='word_1_26' title='bbox 203 574 309 658; x_wconf 57' lang='lat' dir='ltr'>nnlok)</span> <span class='ocrx_word' id='word_1_27' title='bbox 350 576 440 636; x_wconf 91' lang='lat' dir='ltr'>Modo</span> <span class='ocrx_word' id='word_1_28' title='bbox 463 593 541 636; x_wconf 90' lang='lat' dir='ltr'>eram</span> <span class='ocrx_word' id='word_1_29' title='bbox 561 578 634 636; x_wconf 90' lang='lat' dir='ltr'>inter</span> <span class='ocrx_word' id='word_1_30' title='bbox 655 577 790 652; x_wconf 80' lang='lat' dir='ltr'>angelos,</span> <span class='ocrx_word' id='word_1_31' title='bbox 819 575 948 642; x_wconf 83' lang='lat' dir='ltr'>eoelestis</span> <span class='ocrx_word' id='word_1_32' title='bbox 970 575 1087 636; x_wconf 91' lang='lat' dir='ltr'>harmo-</span> 
     </span>
     <span class='ocr_line' id='line_1_5' title="bbox 65 661 1087 738; baseline -0.002 -16"><span class='ocrx_word' id='word_1_33' title='bbox 65 666 122 724; x_wconf 88' lang='lat' dir='ltr'>niae</span> <span class='ocrx_word' id='word_1_34' title='bbox 140 667 279 724; x_wconf 84' lang='lat' dir='ltr'>enaritate</span> <span class='ocrx_word' id='word_1_35' title='bbox 301 663 492 737; x_wconf 79' lang='lat' dir='ltr'>demulcebat,</span> <span class='ocrx_word' id='word_1_36' title='bbox 524 662 676 738; x_wconf 86' lang='lat' dir='ltr'>deputatus</span> <span class='ocrx_word' id='word_1_37' title='bbox 699 679 778 733; x_wconf 90' lang='lat' dir='ltr'>eram</span> <span class='ocrx_word' id='word_1_38' title='bbox 797 664 884 722; x_wconf 90' lang='lat' dir='ltr'>beato</span> <span class='ocrx_word' id='word_1_39' title='bbox 904 661 1087 738; x_wconf 86' lang='lat' dir='ltr'>prothomar-</span> 
     </span>
     <span class='ocr_line' id='line_1_6' title="bbox 64 745 1086 829; baseline -0.001 -20"><span class='ocrx_word' id='word_1_40' title='bbox 64 753 125 826; x_wconf 84' lang='lat' dir='ltr'>tyri,</span> <span class='ocrx_word' id='word_1_41' title='bbox 154 750 259 829; x_wconf 86' lang='lat' dir='ltr'>gloriae</span> <span class='ocrx_word' id='word_1_42' title='bbox 291 753 380 827; x_wconf 83' lang='lat' dir='ltr'>ipsius</span> <span class='ocrx_word' id='word_1_43' title='bbox 413 766 527 810; x_wconf 82' lang='lat' dir='ltr'>consors</span> <span class='ocrx_word' id='word_1_44' title='bbox 557 756 585 808; x_wconf 86' lang='lat' dir='ltr'>et</span> <span class='ocrx_word' id='word_1_45' title='bbox 613 749 723 828; x_wconf 82' lang='lat' dir='ltr'>collega</span> <span class='ocrx_word' id='word_1_46' title='bbox 750 749 870 809; x_wconf 89' lang='lat' dir='ltr'>iuturus.</span> <span class='ocrx_word' id='word_1_47' title='bbox 918 748 975 808; x_wconf 87' lang='lat' dir='ltr'>Hie</span> <span class='ocrx_word' id='word_1_48' title='bbox 1005 745 1086 828; x_wconf 86' lang='lat' dir='ltr'>ego²)</span> 
     </span>
     <span class='ocr_line' id='line_1_7' title="bbox 65 834 1124 911; baseline -0.001 -17"><span class='ocrx_word' id='word_1_49' title='bbox 65 837 124 911; x_wconf 92' lang='lat' dir='ltr'>qnid</span> <span class='ocrx_word' id='word_1_50' title='bbox 142 836 235 898; x_wconf 70' lang='lat' dir='ltr'>satio?</span> <span class='ocrx_word' id='word_1_51' title='bbox 263 837 346 896; x_wconf 81' lang='lat' dir='ltr'>Certe</span> <span class='ocrx_word' id='word_1_52' title='bbox 373 835 464 895; x_wconf 89' lang='lat' dir='ltr'>redire</span> <span class='ocrx_word' id='word_1_53' title='bbox 493 835 568 895; x_wconf 86' lang='lat' dir='ltr'>volo.</span> <span class='ocrx_word' id='word_1_54' title='bbox 609 836 681 896; x_wconf 84' lang='lat' dir='ltr'><strong>Post</strong></span> <span class='ocrx_word' id='word_1_55' title='bbox 702 836 845 895; x_wconf 86' lang='lat' dir='ltr'>modicum</span> <span class='ocrx_word' id='word_1_56' title='bbox 866 838 968 894; x_wconf 86' lang='lat' dir='ltr'>iterum</span> <span class='ocrx_word' id='word_1_57' title='bbox 988 834 1088 893; x_wconf 87' lang='lat' dir='ltr'>tabula</span> <span class='ocrx_word' id='word_1_58' title='bbox 1122 868 1124 872; x_wconf 80' lang='lat'><em>.</em></span> 
     </span>
    </p>
   </div>
   <div class='ocr_carea' id='block_1_3' title="bbox 63 917 1178 998">
    <p class='ocr_par' dir='ltr' id='par_1_3' title="bbox 63 917 1178 998">
     <span class='ocr_line' id='line_1_8' title="bbox 63 917 1178 998; baseline -0.003 -16"><span class='ocrx_word' id='word_1_59' title='bbox 63 923 165 998; x_wconf 86' lang='lat' dir='ltr'>pulsata</span> <span class='ocrx_word' id='word_1_60' title='bbox 191 931 249 998; x_wconf 89' lang='lat' dir='ltr'>est,</span> <span class='ocrx_word' id='word_1_61' title='bbox 278 931 308 982; x_wconf 94' lang='lat' dir='ltr'>et</span> <span class='ocrx_word' id='word_1_62' title='bbox 333 923 451 983; x_wconf 82' lang='lat' dir='ltr'>feliciter</span> <span class='ocrx_word' id='word_1_63' title='bbox 472 922 653 982; x_wconf 90' lang='lat' dir='ltr'>obdormiens</span> <span class='ocrx_word' id='word_1_64' title='bbox 673 925 704 980; x_wconf 90' lang='lat' dir='ltr'>in</span> <span class='ocrx_word' id='word_1_65' title='bbox 725 922 865 996; x_wconf 89' lang='lat' dir='ltr'>Domino,</span> <span class='ocrx_word' id='word_1_66' title='bbox 892 929 926 981; x_wconf 90' lang='lat' dir='ltr'>ut</span> <span class='ocrx_word' id='word_1_67' title='bbox 948 917 1088 981; x_wconf 81' lang='lat' dir='ltr'>oredimus</span> <span class='ocrx_word' id='word_1_68' title='bbox 1176 954 1178 958; x_wconf 80' lang='lat'><em>.</em></span> 
     </span>
    </p>
   </div>
   <div class='ocr_carea' id='block_1_4' title="bbox 63 1007 1089 1434">
    <p class='ocr_par' dir='ltr' id='par_1_4' title="bbox 63 1007 1089 1434">
     <span class='ocr_line' id='line_1_9' title="bbox 63 1007 1088 1090; baseline 0 -22"><span class='ocrx_word' id='word_1_69' title='bbox 63 1027 114 1069; x_wconf 93' lang='lat' dir='ltr'>non</span> <span class='ocrx_word' id='word_1_70' title='bbox 134 1017 175 1070; x_wconf 85' lang='lat' dir='ltr'>est</span> <span class='ocrx_word' id='word_1_71' title='bbox 188 1009 335 1070; x_wconf 83' lang='lat' dir='ltr'>fraudatus</span> <span class='ocrx_word' id='word_1_72' title='bbox 357 1028 375 1070; x_wconf 92' lang='lat' dir='ltr'>a</span> <span class='ocrx_word' id='word_1_73' title='bbox 397 1009 535 1069; x_wconf 82' lang='lat' dir='ltr'>desiderio</span> <span class='ocrx_word' id='word_1_74' title='bbox 557 1027 610 1069; x_wconf 89' lang='lat' dir='ltr'>sno</span> <span class='ocrx_word' id='word_1_75' title='bbox 618 1007 648 1090; x_wconf 84' lang='lat'>³)</span> <span class='ocrx_word' id='word_1_76' title='bbox 669 1015 781 1085; x_wconf 90' lang='lat' dir='ltr'>partem</span> <span class='ocrx_word' id='word_1_77' title='bbox 792 1009 940 1069; x_wconf 85' lang='lat' dir='ltr'>habiturus</span> <span class='ocrx_word' id='word_1_78' title='bbox 961 1011 991 1066; x_wconf 89' lang='lat' dir='ltr'>in</span> <span class='ocrx_word' id='word_1_79' title='bbox 1012 1013 1088 1068; x_wconf 85' lang='lat' dir='ltr'>sorte</span> 
     </span>
     <span class='ocr_line' id='line_1_10' title="bbox 64 1094 1088 1200; baseline 0 -46"><span class='ocrx_word' id='word_1_80' title='bbox 64 1103 222 1158; x_wconf 83' lang='lat' dir='ltr'>sanctorum.</span> <span class='ocrx_word' id='word_1_81' title='bbox 266 1097 352 1200; x_wconf 80' lang='lat' dir='ltr'>Quod</span> <span class='ocrx_word' id='word_1_82' title='bbox 379 1103 476 1156; x_wconf 88' lang='lat' dir='ltr'>autem</span> <span class='ocrx_word' id='word_1_83' title='bbox 504 1104 688 1172; x_wconf 85' lang='lat' dir='ltr'>praeostensa</span> <span class='ocrx_word' id='word_1_84' title='bbox 713 1097 766 1155; x_wconf 89' lang='lat' dir='ltr'>sibi</span> <span class='ocrx_word' id='word_1_85' title='bbox 787 1096 878 1173; x_wconf 86' lang='lat' dir='ltr'>gloria</span> <span class='ocrx_word' id='word_1_86' title='bbox 898 1113 1029 1155; x_wconf 88' lang='lat' dir='ltr'>reversus</span> <span class='ocrx_word' id='word_1_87' title='bbox 1050 1094 1088 1154; x_wconf 92' lang='lat' dir='ltr'>ad</span> 
     </span>
     <span class='ocr_line' id='line_1_11' title="bbox 63 1183 1089 1284; baseline 0 -44"><span class='ocrx_word' id='word_1_88' title='bbox 63 1183 152 1243; x_wconf 89' lang='lat' dir='ltr'>boram</span> <span class='ocrx_word' id='word_1_89' title='bbox 179 1187 283 1259; x_wconf 82' lang='lat' dir='ltr'>caruit,</span> <span class='ocrx_word' id='word_1_90' title='bbox 311 1186 339 1242; x_wconf 93' lang='lat' dir='ltr'>in</span> <span class='ocrx_word' id='word_1_91' title='bbox 367 1183 423 1242; x_wconf 88' lang='lat' dir='ltr'>hoe</span> <span class='ocrx_word' id='word_1_92' title='bbox 449 1184 672 1284; x_wconf 76' lang='lat' dir='ltr'>pusillanimitati</span> <span class='ocrx_word' id='word_1_93' title='bbox 699 1189 813 1242; x_wconf 88' lang='lat' dir='ltr'>nostrae</span> <span class='ocrx_word' id='word_1_94' title='bbox 843 1183 1004 1242; x_wconf 79' lang='lat' dir='ltr'>consultum</span> <span class='ocrx_word' id='word_1_95' title='bbox 1025 1199 1089 1241; x_wconf 88' lang='lat' dir='ltr'>esse</span> 
     </span>
     <span class='ocr_line' id='line_1_12' title="bbox 63 1253 1088 1348; baseline -0.001 -20"><span class='ocrx_word' id='word_1_96' title='bbox 63 1287 115 1328; x_wconf 90' lang='lat' dir='ltr'>non</span> <span class='ocrx_word' id='word_1_97' title='bbox 134 1271 316 1348; x_wconf 83' lang='lat' dir='ltr'>ambigimus,</span> <span class='ocrx_word' id='word_1_98' title='bbox 344 1269 477 1330; x_wconf 83' lang='lat' dir='ltr'>videlieet</span> <span class='ocrx_word' id='word_1_99' title='bbox 504 1277 535 1328; x_wconf 94' lang='lat' dir='ltr'>ut</span> <span class='ocrx_word' id='word_1_100' title='bbox 556 1272 649 1328; x_wconf 86' lang='lat' dir='ltr'>minus</span> <span class='ocrx_word' id='word_1_101' title='bbox 670 1269 806 1329; x_wconf 85' lang='lat' dir='ltr'>sollicitos</span> <span class='ocrx_word' id='word_1_102' title='bbox 829 1253 948 1330; x_wconf 80' lang='lat' dir='ltr'>devotos</span> <span class='ocrx_word' id='word_1_103' title='bbox 969 1269 1088 1342; x_wconf 85' lang='lat' dir='ltr'>iaceret,</span> 
     </span>
     <span class='ocr_line' id='line_1_13' title="bbox 64 1356 781 1434; baseline 0.001 -20"><span class='ocrx_word' id='word_1_104' title='bbox 64 1363 90 1414; x_wconf 87' lang='lat' dir='ltr'>et</span> <span class='ocrx_word' id='word_1_105' title='bbox 107 1357 279 1434; x_wconf 78' lang='lat' dir='ltr'>proficientes</span> <span class='ocrx_word' id='word_1_106' title='bbox 301 1357 400 1416; x_wconf 88' lang='lat' dir='ltr'>studiis</span> <span class='ocrx_word' id='word_1_107' title='bbox 421 1357 585 1416; x_wconf 90' lang='lat' dir='ltr'>melioribus</span> <span class='ocrx_word' id='word_1_108' title='bbox 604 1356 781 1416; x_wconf 86' lang='lat' dir='ltr'>aouenderet</span> 
     </span>
    </p>
   </div>
   <div class='ocr_carea' id='block_1_5' title="bbox 408 1546 726 1608">
    <p class='ocr_par' dir='ltr' id='par_1_5' title="bbox 408 1546 726 1608">
     <span class='ocr_line' id='line_1_14' title="bbox 408 1546 726 1608; baseline -0.006 -1"><span class='ocrx_word' id='word_1_109' title='bbox 408 1546 640 1608; x_wconf 79' lang='lat' dir='ltr'>CAPITULUM</span> <span class='ocrx_word' id='word_1_110' title='bbox 658 1547 726 1608; x_wconf 92' lang='lat' dir='ltr'>VII.</span> 
     </span>
    </p>
   </div>
   <div class='ocr_carea' id='block_1_6' title="bbox 176 1667 963 1831">
    <p class='ocr_par' dir='ltr' id='par_1_6' title="bbox 176 1667 963 1831">
     <span class='ocr_line' id='line_1_15' title="bbox 176 1667 963 1745; baseline -0.006 -15"><span class='ocrx_word' id='word_1_111' title='bbox 176 1670 224 1730; x_wconf 84' lang='lat' dir='ltr'>De</span> <span class='ocrx_word' id='word_1_112' title='bbox 244 1686 384 1730; x_wconf 79' lang='lat' dir='ltr'>converto</span> <span class='ocrx_word' id='word_1_113' title='bbox 405 1683 490 1728; x_wconf 78' lang='lat' dir='ltr'>caeco</span> <span class='ocrx_word' id='word_1_114' title='bbox 512 1672 564 1745; x_wconf 87' lang='lat' dir='ltr'>qui</span> <span class='ocrx_word' id='word_1_115' title='bbox 586 1668 700 1727; x_wconf 82' lang='lat' dir='ltr'>audivit</span> <span class='ocrx_word' id='word_1_116' title='bbox 722 1667 841 1742; x_wconf 83' lang='lat' dir='ltr'>uuqelos</span> <span class='ocrx_word' id='word_1_117' title='bbox 863 1667 963 1744; x_wconf 77' lang='lat' dir='ltr'>officio</span> 
     </span>
     <span class='ocr_line' id='line_1_16' title="bbox 293 1755 753 1831; baseline -0.013 -11"><span class='ocrx_word' id='word_1_118' title='bbox 293 1807 295 1820; x_wconf 91' lang='lat'>.</span> <span class='ocrx_word' id='word_1_119' title='bbox 389 1758 581 1831; x_wconf 77' lang='lat' dir='ltr'>exequiarum</span> <span class='ocrx_word' id='word_1_120' title='bbox 602 1755 753 1830; x_wconf 81' lang='lat' dir='ltr'>complere.</span> 
     </span>
    </p>
   </div>
   <div class='ocr_carea' id='block_1_7' title="bbox 64 1875 1170 3690">
    <p class='ocr_par' dir='ltr' id='par_1_7' title="bbox 64 1875 1170 3690">
     <span class='ocr_line' id='line_1_17' title="bbox 119 1875 1162 1952; baseline -0.002 -14"><span class='ocrx_word' id='word_1_121' title='bbox 119 1877 152 1938; x_wconf 93' lang='lat' dir='ltr'>In</span> <span class='ocrx_word' id='word_1_122' title='bbox 173 1877 273 1937; x_wconf 82' lang='lat' dir='ltr'>eadem</span> <span class='ocrx_word' id='word_1_123' title='bbox 296 1877 381 1936; x_wconf 90' lang='lat' dir='ltr'>domo</span> <span class='ocrx_word' id='word_1_124' title='bbox 404 1893 507 1937; x_wconf 83' lang='lat' dir='ltr'>caecus</span> <span class='ocrx_word' id='word_1_125' title='bbox 528 1877 644 1952; x_wconf 90' lang='lat' dir='ltr'>quidam</span> <span class='ocrx_word' id='word_1_126' title='bbox 667 1893 821 1935; x_wconf 82' lang='lat' dir='ltr'>conversus</span> <span class='ocrx_word' id='word_1_127' title='bbox 842 1875 909 1950; x_wconf 86' lang='lat' dir='ltr'>brit,</span> <span class='ocrx_word' id='word_1_128' title='bbox 941 1877 988 1935; x_wconf 88' lang='lat' dir='ltr'>eui</span> <span class='ocrx_word' id='word_1_129' title='bbox 1009 1876 1090 1936; x_wconf 87' lang='lat' dir='ltr'>Dens</span> <span class='ocrx_word' id='word_1_130' title='bbox 1156 1944 1162 1952; x_wconf 54' lang='grc'><strong><em>,</em></strong></span> 
     </span>
     <span class='ocr_line' id='line_1_18' title="bbox 64 1963 1090 2038; baseline 0.002 -18"><span class='ocrx_word' id='word_1_131' title='bbox 64 1963 190 2024; x_wconf 84' lang='lat' dir='ltr'>interioris</span> <span class='ocrx_word' id='word_1_132' title='bbox 209 1965 332 2024; x_wconf 86' lang='lat' dir='ltr'>bominis</span> <span class='ocrx_word' id='word_1_133' title='bbox 352 1964 448 2023; x_wconf 90' lang='lat' dir='ltr'>lumen</span> <span class='ocrx_word' id='word_1_134' title='bbox 466 1963 592 2038; x_wconf 89' lang='lat' dir='ltr'>contulit,</span> <span class='ocrx_word' id='word_1_135' title='bbox 613 1963 718 2022; x_wconf 86' lang='lat' dir='ltr'>damna</span> <span class='ocrx_word' id='word_1_136' title='bbox 740 1964 865 2037; x_wconf 88' lang='lat' dir='ltr'>eorporis</span> <span class='ocrx_word' id='word_1_137' title='bbox 887 1963 1002 2022; x_wconf 82' lang='lat' dir='ltr'>coelesti</span> <span class='ocrx_word' id='word_1_138' title='bbox 1024 1981 1090 2022; x_wconf 92' lang='lat' dir='ltr'>mu-</span> 
     </span>
     <span class='ocr_line' id='line_1_19' title="bbox 64 2048 1091 2125; baseline 0.003 -19"><span class='ocrx_word' id='word_1_139' title='bbox 64 2066 123 2110; x_wconf 89' lang='lat' dir='ltr'>nere</span> <span class='ocrx_word' id='word_1_140' title='bbox 144 2059 328 2112; x_wconf 85' lang='lat' dir='ltr'>commutans.</span> <span class='ocrx_word' id='word_1_141' title='bbox 369 2050 459 2110; x_wconf 87' lang='lat' dir='ltr'>Dedit</span> <span class='ocrx_word' id='word_1_142' title='bbox 478 2053 600 2109; x_wconf 87' lang='lat' dir='ltr'>enimei</span> <span class='ocrx_word' id='word_1_143' title='bbox 622 2048 732 2110; x_wconf 84' lang='lat' dir='ltr'>divinas</span> <span class='ocrx_word' id='word_1_144' title='bbox 753 2049 851 2110; x_wconf 80' lang='lat' dir='ltr'>ridere</span> <span class='ocrx_word' id='word_1_145' title='bbox 872 2051 1012 2125; x_wconf 87' lang='lat' dir='ltr'>visiones,</span> <span class='ocrx_word' id='word_1_146' title='bbox 1036 2050 1091 2110; x_wconf 88' lang='lat' dir='ltr'>ali-</span> 
     </span>
     <span class='ocr_line' id='line_1_20' title="bbox 65 2127 1170 2214; baseline 0.001 -20"><span class='ocrx_word' id='word_1_147' title='bbox 65 2137 168 2210; x_wconf 88' lang='lat' dir='ltr'>qnando</span> <span class='ocrx_word' id='word_1_148' title='bbox 189 2138 307 2214; x_wconf 87' lang='lat' dir='ltr'>gloriam</span> <span class='ocrx_word' id='word_1_149' title='bbox 329 2147 507 2212; x_wconf 86' lang='lat' dir='ltr'>sanctorum,</span> <span class='ocrx_word' id='word_1_150' title='bbox 530 2137 691 2211; x_wconf 79' lang='lat' dir='ltr'>frequenter</span> <span class='ocrx_word' id='word_1_151' title='bbox 712 2154 820 2212; x_wconf 86' lang='lat' dir='ltr'>poenas</span> <span class='ocrx_word' id='word_1_152' title='bbox 841 2136 995 2212; x_wconf 86' lang='lat' dir='ltr'>malorum,</span> <span class='ocrx_word' id='word_1_153' title='bbox 1017 2139 1091 2197; x_wconf 82' lang='lat' dir='ltr'>assi·</span> <span class='ocrx_word' id='word_1_154' title='bbox 1159 2127 1170 2140; x_wconf 76' lang='grc'><strong>“</strong></span> 
     </span>
     <span class='ocr_line' id='line_1_21' title="bbox 67 2221 1091 2300; baseline 0.005 -21"><span class='ocrx_word' id='word_1_155' title='bbox 67 2221 114 2282; x_wconf 90' lang='lat' dir='ltr'>dne</span> <span class='ocrx_word' id='word_1_156' title='bbox 134 2226 225 2300; x_wconf 84' lang='lat' dir='ltr'>ipsum</span> <span class='ocrx_word' id='word_1_157' title='bbox 247 2225 431 2298; x_wconf 88' lang='lat' dir='ltr'>daemonem,</span> <span class='ocrx_word' id='word_1_158' title='bbox 456 2225 664 2283; x_wconf 83' lang='lat' dir='ltr'>flammivomos</span> <span class='ocrx_word' id='word_1_159' title='bbox 685 2224 793 2299; x_wconf 89' lang='lat' dir='ltr'>ignium</span> <span class='ocrx_word' id='word_1_160' title='bbox 814 2221 915 2298; x_wconf 88' lang='lat' dir='ltr'>globos</span> <span class='ocrx_word' id='word_1_161' title='bbox 937 2229 1091 2284; x_wconf 85' lang='lat' dir='ltr'>eructuan-</span> 
     </span>
     <span class='ocr_line' id='line_1_22' title="bbox 67 2309 1091 2386; baseline 0.002 -18"><span class='ocrx_word' id='word_1_162' title='bbox 67 2315 125 2369; x_wconf 83' lang='lat' dir='ltr'>tem.</span> <span class='ocrx_word' id='word_1_163' title='bbox 165 2311 237 2371; x_wconf 88' lang='lat' dir='ltr'>Mira</span> <span class='ocrx_word' id='word_1_164' title='bbox 264 2317 333 2371; x_wconf 86' lang='lat' dir='ltr'>sunt</span> <span class='ocrx_word' id='word_1_165' title='bbox 360 2310 446 2386; x_wconf 86' lang='lat' dir='ltr'>haee,</span> <span class='ocrx_word' id='word_1_166' title='bbox 474 2317 503 2370; x_wconf 89' lang='lat' dir='ltr'>et</span> <span class='ocrx_word' id='word_1_167' title='bbox 530 2327 650 2370; x_wconf 90' lang='lat' dir='ltr'>munera</span> <span class='ocrx_word' id='word_1_168' title='bbox 677 2309 742 2368; x_wconf 93' lang='lat' dir='ltr'>Dei.</span> <span class='ocrx_word' id='word_1_169' title='bbox 790 2309 967 2385; x_wconf 85' lang='lat' dir='ltr'>Frequenter</span> <span class='ocrx_word' id='word_1_170' title='bbox 995 2317 1091 2370; x_wconf 90' lang='lat' dir='ltr'>autern</span> 
     </span>
     <span class='ocr_line' id='line_1_23' title="bbox 68 2398 1092 2475; baseline 0.004 -21"><span class='ocrx_word' id='word_1_171' title='bbox 68 2400 163 2470; x_wconf 86' lang='lat' dir='ltr'>patitur</span> <span class='ocrx_word' id='word_1_172' title='bbox 177 2398 346 2458; x_wconf 88' lang='lat' dir='ltr'>daemonum</span> <span class='ocrx_word' id='word_1_173' title='bbox 360 2400 489 2458; x_wconf 82' lang='lat' dir='ltr'>incursus</span> <span class='ocrx_word' id='word_1_174' title='bbox 511 2403 540 2457; x_wconf 88' lang='lat' dir='ltr'>et</span> <span class='ocrx_word' id='word_1_175' title='bbox 562 2413 739 2473; x_wconf 76' lang='lat' dir='ltr'>congressus,</span> <span class='ocrx_word' id='word_1_176' title='bbox 761 2398 800 2454; x_wconf 91' lang='lat' dir='ltr'>ita</span> <span class='ocrx_word' id='word_1_177' title='bbox 815 2402 847 2455; x_wconf 94' lang='lat' dir='ltr'>ut</span> <span class='ocrx_word' id='word_1_178' title='bbox 860 2399 915 2472; x_wconf 89' lang='lat' dir='ltr'>ipsi</span> <span class='ocrx_word' id='word_1_179' title='bbox 935 2399 1092 2475; x_wconf 87' lang='lat' dir='ltr'>impingunt</span> 
     </span>
     <span class='ocr_line' id='line_1_24' title="bbox 67 2482 1092 2561; baseline 0.006 -21"><span class='ocrx_word' id='word_1_180' title='bbox 67 2482 188 2560; x_wconf 77' lang='lat' dir='ltr'>iteum,</span> <span class='ocrx_word' id='word_1_181' title='bbox 216 2491 244 2546; x_wconf 85' lang='lat' dir='ltr'>et</span> <span class='ocrx_word' id='word_1_182' title='bbox 265 2487 326 2561; x_wconf 87' lang='lat' dir='ltr'>ipse</span> <span class='ocrx_word' id='word_1_183' title='bbox 347 2484 394 2544; x_wconf 89' lang='lat' dir='ltr'>vel</span> <span class='ocrx_word' id='word_1_184' title='bbox 414 2502 511 2561; x_wconf 87' lang='lat' dir='ltr'>pugno</span> <span class='ocrx_word' id='word_1_185' title='bbox 533 2484 580 2544; x_wconf 85' lang='lat' dir='ltr'>vel</span> <span class='ocrx_word' id='word_1_186' title='bbox 601 2483 705 2544; x_wconf 87' lang='lat' dir='ltr'>baculo</span> <span class='ocrx_word' id='word_1_187' title='bbox 728 2483 836 2559; x_wconf 85' lang='lat' dir='ltr'>affligat</span> <span class='ocrx_word' id='word_1_188' title='bbox 857 2500 915 2542; x_wconf 91' lang='lat' dir='ltr'>eos.</span> <span class='ocrx_word' id='word_1_189' title='bbox 957 2484 1020 2544; x_wconf 86' lang='lat' dir='ltr'>Hos</span> <span class='ocrx_word' id='word_1_190' title='bbox 1042 2503 1092 2546; x_wconf 88' lang='lat' dir='ltr'>as-</span> 
     </span>
     <span class='ocr_line' id='line_1_25' title="bbox 68 2568 1092 2647; baseline 0.004 -21"><span class='ocrx_word' id='word_1_191' title='bbox 68 2568 149 2629; x_wconf 88' lang='lat' dir='ltr'>sultus</span> <span class='ocrx_word' id='word_1_192' title='bbox 169 2574 225 2647; x_wconf 87' lang='lat' dir='ltr'>pati</span> <span class='ocrx_word' id='word_1_193' title='bbox 248 2571 320 2632; x_wconf 87' lang='lat' dir='ltr'>solet</span> <span class='ocrx_word' id='word_1_194' title='bbox 340 2573 369 2630; x_wconf 92' lang='lat' dir='ltr'>in</span> <span class='ocrx_word' id='word_1_195' title='bbox 392 2571 520 2647; x_wconf 89' lang='lat' dir='ltr'>quolibet</span> <span class='ocrx_word' id='word_1_196' title='bbox 539 2572 620 2645; x_wconf 81' lang='lat' dir='ltr'>loeo,</span> <span class='ocrx_word' id='word_1_197' title='bbox 644 2571 736 2646; x_wconf 84' lang='lat' dir='ltr'>magis</span> <span class='ocrx_word' id='word_1_198' title='bbox 758 2572 787 2627; x_wconf 92' lang='lat' dir='ltr'>in</span> <span class='ocrx_word' id='word_1_199' title='bbox 810 2569 944 2645; x_wconf 83' lang='lat' dir='ltr'>eeclesia,</span> <span class='ocrx_word' id='word_1_200' title='bbox 970 2573 1092 2630; x_wconf 88' lang='lat' dir='ltr'>maxime</span> 
     </span>
     <span class='ocr_line' id='line_1_26' title="bbox 69 2657 1092 2734; baseline 0.003 -21"><span class='ocrx_word' id='word_1_201' title='bbox 69 2671 186 2734; x_wconf 80' lang='lat' dir='ltr'>cumpro</span> <span class='ocrx_word' id='word_1_202' title='bbox 198 2657 338 2718; x_wconf 83' lang='lat' dir='ltr'>defunctis</span> <span class='ocrx_word' id='word_1_203' title='bbox 359 2667 429 2718; x_wconf 87' lang='lat' dir='ltr'>orat.</span> <span class='ocrx_word' id='word_1_204' title='bbox 471 2659 516 2719; x_wconf 85' lang='lat' dir='ltr'>Ea</span> <span class='ocrx_word' id='word_1_205' title='bbox 541 2664 709 2733; x_wconf 85' lang='lat' dir='ltr'>tempestate</span> <span class='ocrx_word' id='word_1_206' title='bbox 732 2658 899 2734; x_wconf 76' lang='lat' dir='ltr'>eoepitiste</span> <span class='ocrx_word' id='word_1_207' title='bbox 920 2659 949 2715; x_wconf 95' lang='lat' dir='ltr'>in</span> <span class='ocrx_word' id='word_1_208' title='bbox 967 2660 1092 2732; x_wconf 87' lang='lat' dir='ltr'>exequiis</span> 
     </span>
     <span class='ocr_line' id='line_1_27' title="bbox 69 2739 1092 2822; baseline 0.004 -24"><span class='ocrx_word' id='word_1_209' title='bbox 69 2739 252 2804; x_wconf 82' lang='lat' dir='ltr'>detunctorum</span> <span class='ocrx_word' id='word_1_210' title='bbox 273 2745 371 2805; x_wconf 86' lang='lat' dir='ltr'>audire</span> <span class='ocrx_word' id='word_1_211' title='bbox 393 2745 494 2806; x_wconf 84' lang='lat' dir='ltr'>choros</span> <span class='ocrx_word' id='word_1_212' title='bbox 512 2746 679 2822; x_wconf 90' lang='lat' dir='ltr'>angelorum</span> <span class='ocrx_word' id='word_1_213' title='bbox 700 2743 897 2819; x_wconf 86' lang='lat' dir='ltr'>psallentium,</span> <span class='ocrx_word' id='word_1_214' title='bbox 918 2743 1004 2804; x_wconf 90' lang='lat' dir='ltr'>modo</span> <span class='ocrx_word' id='word_1_215' title='bbox 1027 2761 1092 2804; x_wconf 86' lang='lat' dir='ltr'>oum</span> 
     </span>
     <span class='ocr_line' id='line_1_28' title="bbox 70 2830 1092 2906; baseline 0.004 -20"><span class='ocrx_word' id='word_1_216' title='bbox 70 2831 219 2906; x_wconf 81' lang='lat' dir='ltr'>monachis,</span> <span class='ocrx_word' id='word_1_217' title='bbox 255 2831 341 2892; x_wconf 88' lang='lat' dir='ltr'>modo</span> <span class='ocrx_word' id='word_1_218' title='bbox 371 2831 493 2892; x_wconf 84' lang='lat' dir='ltr'>divisim.</span> <span class='ocrx_word' id='word_1_219' title='bbox 536 2832 610 2892; x_wconf 83' lang='lat' dir='ltr'>Cum</span> <span class='ocrx_word' id='word_1_220' title='bbox 631 2836 728 2890; x_wconf 83' lang='lat' dir='ltr'>autem</span> <span class='ocrx_word' id='word_1_221' title='bbox 756 2830 944 2890; x_wconf 87' lang='lat' dir='ltr'>efferebantur</span> <span class='ocrx_word' id='word_1_222' title='bbox 973 2847 1092 2906; x_wconf 81' lang='lat' dir='ltr'>corpora</span> 
     </span>
     <span class='ocr_line' id='line_1_29' title="bbox 70 2917 1092 2993; baseline -0.002 -15"><span class='ocrx_word' id='word_1_223' title='bbox 70 2918 245 2988; x_wconf 80' lang='lat' dir='ltr'>praecedente</span> <span class='ocrx_word' id='word_1_224' title='bbox 263 2928 422 2992; x_wconf 82' lang='lat' dir='ltr'>conventu,</span> <span class='ocrx_word' id='word_1_225' title='bbox 443 2921 597 2979; x_wconf 85' lang='lat' dir='ltr'>manebant</span> <span class='ocrx_word' id='word_1_226' title='bbox 618 2917 713 2993; x_wconf 89' lang='lat' dir='ltr'>angeli</span> <span class='ocrx_word' id='word_1_227' title='bbox 733 2919 762 2975; x_wconf 90' lang='lat' dir='ltr'>in</span> <span class='ocrx_word' id='word_1_228' title='bbox 784 2917 887 2992; x_wconf 84' lang='lat' dir='ltr'>choro,</span> <span class='ocrx_word' id='word_1_229' title='bbox 909 2920 1092 2993; x_wconf 87' lang='lat' dir='ltr'>exequiarum</span> 
     </span>
     <span class='ocr_line' id='line_1_30' title="bbox 71 3001 1092 3081; baseline 0.005 -23"><span class='ocrx_word' id='word_1_230' title='bbox 71 3001 472 3081; x_wconf 81' lang='lat' dir='ltr'>officiaoomplentes.1nter</span> <span class='ocrx_word' id='word_1_231' title='bbox 493 3005 615 3066; x_wconf 83' lang='lat' dir='ltr'>Sanetus</span> <span class='ocrx_word' id='word_1_232' title='bbox 633 3009 729 3063; x_wconf 90' lang='lat' dir='ltr'>autem</span> <span class='ocrx_word' id='word_1_233' title='bbox 751 3010 780 3062; x_wconf 88' lang='lat' dir='ltr'>et</span> <span class='ocrx_word' id='word_1_234' title='bbox 794 3003 879 3063; x_wconf 86' lang='lat' dir='ltr'>Pater</span> <span class='ocrx_word' id='word_1_235' title='bbox 900 3012 996 3064; x_wconf 88' lang='lat' dir='ltr'>noster</span> <span class='ocrx_word' id='word_1_236' title='bbox 1017 3005 1092 3065; x_wconf 84' lang='lat' dir='ltr'>inef-</span> 
     </span>
     <span class='ocr_line' id='line_1_31' title="bbox 70 3085 1093 3168; baseline 0.009 -25"><span class='ocrx_word' id='word_1_237' title='bbox 70 3085 159 3151; x_wconf 83' lang='lat' dir='ltr'>labiles</span> <span class='ocrx_word' id='word_1_238' title='bbox 190 3092 303 3153; x_wconf 84' lang='lat' dir='ltr'>solebat</span> <span class='ocrx_word' id='word_1_239' title='bbox 323 3091 420 3152; x_wconf 86' lang='lat' dir='ltr'>audire</span> <span class='ocrx_word' id='word_1_240' title='bbox 441 3093 560 3168; x_wconf 90' lang='lat' dir='ltr'>iubilos,</span> <span class='ocrx_word' id='word_1_241' title='bbox 582 3098 610 3150; x_wconf 87' lang='lat' dir='ltr'>et</span> <span class='ocrx_word' id='word_1_242' title='bbox 631 3108 717 3166; x_wconf 86' lang='lat' dir='ltr'>supra</span> <span class='ocrx_word' id='word_1_243' title='bbox 738 3089 893 3150; x_wconf 85' lang='lat' dir='ltr'>humanam</span> <span class='ocrx_word' id='word_1_244' title='bbox 915 3095 1093 3152; x_wconf 90' lang='lat' dir='ltr'>aestimatio·</span> 
     </span>
     <span class='ocr_line' id='line_1_32' title="bbox 72 3136 1092 3258; baseline 0.006 -26"><span class='ocrx_word' id='word_1_245' title='bbox 72 3189 128 3236; x_wconf 88' lang='lat' dir='ltr'>nem</span> <span class='ocrx_word' id='word_1_246' title='bbox 162 3177 266 3239; x_wconf 82' lang='lat' dir='ltr'>dulces.</span> <span class='ocrx_word' id='word_1_247' title='bbox 315 3179 397 3239; x_wconf 86' lang='lat' dir='ltr'>Haeo</span> <span class='ocrx_word' id='word_1_248' title='bbox 426 3136 560 3241; x_wconf 77' lang='lat' dir='ltr'>eoelestis²</span> <span class='ocrx_word' id='word_1_249' title='bbox 585 3177 742 3236; x_wconf 85' lang='lat' dir='ltr'>modulatio</span> <span class='ocrx_word' id='word_1_250' title='bbox 770 3184 836 3252; x_wconf 86' lang='lat' dir='ltr'>post</span> <span class='ocrx_word' id='word_1_251' title='bbox 858 3176 1092 3258; x_wconf 56' lang='lat' dir='ltr'>depositionomt)</span> 
     </span>
     <span class='ocr_line' id='line_1_33' title="bbox 73 3257 1092 3342; baseline 0.008 -26"><span class='ocrx_word' id='word_1_252' title='bbox 73 3257 166 3323; x_wconf 87' lang='lat' dir='ltr'>domini</span> <span class='ocrx_word' id='word_1_253' title='bbox 187 3265 283 3326; x_wconf 88' lang='lat' dir='ltr'>David</span> <span class='ocrx_word' id='word_1_254' title='bbox 304 3265 413 3326; x_wconf 85' lang='lat' dir='ltr'>dulcior</span> <span class='ocrx_word' id='word_1_255' title='bbox 434 3272 463 3325; x_wconf 92' lang='lat' dir='ltr'>et</span> <span class='ocrx_word' id='word_1_256' title='bbox 483 3268 575 3342; x_wconf 91' lang='lat' dir='ltr'>magis</span> <span class='ocrx_word' id='word_1_257' title='bbox 589 3263 770 3341; x_wconf 88' lang='lat' dir='ltr'>intelligibilis</span> <span class='ocrx_word' id='word_1_258' title='bbox 792 3265 969 3326; x_wconf 86' lang='lat' dir='ltr'>audiebatur.</span> <span class='ocrx_word' id='word_1_259' title='bbox 1013 3266 1092 3326; x_wconf 84' lang='lat' dir='ltr'>Con-</span> 
     </span>
     <span class='ocr_line' id='line_1_34' title="bbox 73 3348 1093 3429; baseline 0.005 -24"><span class='ocrx_word' id='word_1_260' title='bbox 73 3348 127 3422; x_wconf 83' lang='lat' dir='ltr'>b&#39;git</span> <span class='ocrx_word' id='word_1_261' title='bbox 152 3351 312 3429; x_wconf 87' lang='lat' dir='ltr'>aliquando,</span> <span class='ocrx_word' id='word_1_262' title='bbox 333 3351 479 3412; x_wconf 90' lang='lat' dir='ltr'>dominum</span> <span class='ocrx_word' id='word_1_263' title='bbox 493 3352 640 3412; x_wconf 88' lang='lat' dir='ltr'>Abbatem</span> <span class='ocrx_word' id='word_1_264' title='bbox 661 3350 865 3411; x_wconf 86' lang='lat' dir='ltr'>aedificationis</span> <span class='ocrx_word' id='word_1_265' title='bbox 888 3370 975 3412; x_wconf 85' lang='lat' dir='ltr'>eausa</span> <span class='ocrx_word' id='word_1_266' title='bbox 996 3356 1093 3412; x_wconf 86' lang='lat' dir='ltr'>venire</span> 
     </span>
     <span class='ocr_line' id='line_1_35' title="bbox 75 3433 1170 3518; baseline 0.007 -28"><span class='ocrx_word' id='word_1_267' title='bbox 75 3433 106 3492; x_wconf 84' lang='lat' dir='ltr'>ud</span> <span class='ocrx_word' id='word_1_268' title='bbox 125 3435 196 3500; x_wconf 87' lang='lat' dir='ltr'>hune</span> <span class='ocrx_word' id='word_1_269' title='bbox 211 3457 339 3514; x_wconf 84' lang='lat' dir='ltr'>euenum,</span> <span class='ocrx_word' id='word_1_270' title='bbox 360 3441 408 3516; x_wconf 91' lang='lat' dir='ltr'>qni</span> <span class='ocrx_word' id='word_1_271' title='bbox 429 3441 501 3499; x_wconf 91' lang='lat' dir='ltr'>mter</span> <span class='ocrx_word' id='word_1_272' title='bbox 512 3447 607 3499; x_wconf 84' lang='lat' dir='ltr'>cetera</span> <span class='ocrx_word' id='word_1_273' title='bbox 617 3445 753 3514; x_wconf 86' lang='lat' dir='ltr'>aooeptae</span> <span class='ocrx_word' id='word_1_274' title='bbox 774 3440 882 3514; x_wconf 86' lang='lat' dir='ltr'>gratiae</span> <span class='ocrx_word' id='word_1_275' title='bbox 894 3435 1091 3518; x_wconf 81' lang='lat' dir='ltr'>beneficium⁵)</span> <span class='ocrx_word' id='word_1_276' title='bbox 1167 3453 1170 3462; x_wconf 78' lang='grc'>’</span> 
     </span>
     <span class='ocr_line' id='line_1_36' title="bbox 75 3523 1093 3603; baseline 0.006 -26"><span class='ocrx_word' id='word_1_277' title='bbox 75 3523 207 3586; x_wconf 83' lang='lat' dir='ltr'>mulessus</span> <span class='ocrx_word' id='word_1_278' title='bbox 229 3532 316 3586; x_wconf 88' lang='lat' dir='ltr'>estet</span> <span class='ocrx_word' id='word_1_279' title='bbox 303 3526 389 3586; x_wconf 86' lang='lat' dir='ltr'>t.hoo</span> <span class='ocrx_word' id='word_1_280' title='bbox 420 3527 578 3603; x_wconf 84' lang='lat' dir='ltr'>Drbgenter</span> <span class='ocrx_word' id='word_1_281' title='bbox 590 3532 686 3584; x_wconf 85' lang='lat' dir='ltr'>autem</span> <span class='ocrx_word' id='word_1_282' title='bbox 696 3527 892 3602; x_wconf 78' lang='lat' dir='ltr'>praemonitus</span> <span class='ocrx_word' id='word_1_283' title='bbox 914 3534 957 3585; x_wconf 91' lang='lat' dir='ltr'>est</span> <span class='ocrx_word' id='word_1_284' title='bbox 978 3528 1015 3585; x_wconf 88' lang='lat' dir='ltr'>ab</span> <span class='ocrx_word' id='word_1_285' title='bbox 1026 3525 1093 3584; x_wconf 89' lang='lat' dir='ltr'>Ab</span> 
     </span>
     <span class='ocr_line' id='line_1_37' title="bbox 74 3602 1092 3690; baseline 0.007 -28"><span class='ocrx_word' id='word_1_286' title='bbox 74 3602 132 3667; x_wconf 85' lang='lat' dir='ltr'>bate</span> <span class='ocrx_word' id='word_1_287' title='bbox 147 3619 177 3671; x_wconf 93' lang='lat' dir='ltr'>ut</span> <span class='ocrx_word' id='word_1_288' title='bbox 189 3612 302 3674; x_wconf 85' lang='lat' dir='ltr'>divinae</span> <span class='ocrx_word' id='word_1_289' title='bbox 323 3615 430 3690; x_wconf 69' lang='lat' dir='ltr'>gratim</span> <span class='ocrx_word' id='word_1_290' title='bbox 447 3621 545 3690; x_wconf 86' lang='lat' dir='ltr'>gratus</span> <span class='ocrx_word' id='word_1_291' title='bbox 568 3614 701 3688; x_wconf 85' lang='lat' dir='ltr'>existens,</span> <span class='ocrx_word' id='word_1_292' title='bbox 722 3629 835 3673; x_wconf 87' lang='lat' dir='ltr'>omnem</span> <span class='ocrx_word' id='word_1_293' title='bbox 852 3613 1006 3672; x_wconf 88' lang='lat' dir='ltr'>humanam</span> <span class='ocrx_word' id='word_1_294' title='bbox 1027 3612 1092 3689; x_wconf 90' lang='lat' dir='ltr'>glo-</span> 
     </span>
    </p>
   </div>
   <div class='ocr_carea' id='block_1_8' title="bbox 91 3737 1195 3904">
    <p class='ocr_par' dir='ltr' id='par_1_8' title="bbox 91 3737 1195 3904">
     <span class='ocr_line' id='line_1_38' title="bbox 91 3737 1195 3904; baseline 0.001 -74.012"><span class='ocrx_word' id='word_1_295' title='bbox 91 3773 217 3842; x_wconf 71' lang='lat' dir='ltr'>bunne</span> <span class='ocrx_word' id='word_1_296' title='bbox 234 3780 353 3834; x_wconf 81' lang='lat' dir='ltr'>Redire</span> <span class='ocrx_word' id='word_1_297' title='bbox 371 3782 456 3834; x_wconf 78' lang='lat' dir='ltr'>volo.</span> <span class='ocrx_word' id='word_1_298' title='bbox 476 3812 506 3822; x_wconf 98' lang='lat'><em>-</em></span> <span class='ocrx_word' id='word_1_299' title='bbox 521 3779 628 3851; x_wconf 60' lang='lat' dir='ltr'>quur</span> <span class='ocrx_word' id='word_1_300' title='bbox 645 3796 733 3904; x_wconf 64' lang='lat' dir='ltr'>ergo.</span> <span class='ocrx_word' id='word_1_301' title='bbox 752 3813 784 3820; x_wconf 37' lang='lat'>*-</span> <span class='ocrx_word' id='word_1_302' title='bbox 803 3783 835 3849; x_wconf 81' lang='lat'>3)</span> <span class='ocrx_word' id='word_1_303' title='bbox 852 3781 919 3834; x_wconf 84' lang='lat' dir='ltr'>Psnl.</span> <span class='ocrx_word' id='word_1_304' title='bbox 938 3781 980 3846; x_wconf 78' lang='grc'>77,</span> <span class='ocrx_word' id='word_1_305' title='bbox 998 3779 1040 3832; x_wconf 83' lang='grc'>30.</span> <span class='ocrx_word' id='word_1_306' title='bbox 1060 3809 1090 3820; x_wconf 91' lang='lat'>-</span> <span class='ocrx_word' id='word_1_307' title='bbox 1194 3737 1195 3740; x_wconf 7' lang='grc' dir='ltr'><strong>Ἴ</strong></span> 
     </span>
    </p>
   </div>
   <div class='ocr_carea' id='block_1_9' title="bbox 135 3849 911 3920">
    <p class='ocr_par' dir='ltr' id='par_1_9' title="bbox 135 3849 911 3920">
     <span class='ocr_line' id='line_1_39' title="bbox 135 3849 911 3920; baseline 0.001 -20"><span class='ocrx_word' id='word_1_308' title='bbox 135 3849 164 3916; x_wconf 80' lang='lat' dir='ltr'>l]</span> <span class='ocrx_word' id='word_1_309' title='bbox 180 3851 306 3919; x_wconf 79' lang='lat' dir='ltr'>depositio</span> <span class='ocrx_word' id='word_1_310' title='bbox 324 3854 446 3920; x_wconf 82' lang='lat' dir='ltr'>corporis,</span> <span class='ocrx_word' id='word_1_311' title='bbox 463 3867 538 3904; x_wconf 84' lang='lat' dir='ltr'>mors.</span> <span class='ocrx_word' id='word_1_312' title='bbox 558 3879 589 3891; x_wconf 91' lang='lat'>-</span> <span class='ocrx_word' id='word_1_313' title='bbox 609 3851 641 3920; x_wconf 84' lang='lat'>5)</span> <span class='ocrx_word' id='word_1_314' title='bbox 659 3851 679 3903; x_wconf 86' lang='lat' dir='ltr'>B</span> <span class='ocrx_word' id='word_1_315' title='bbox 702 3851 721 3903; x_wconf 77' lang='lat' dir='ltr'>ll</span> <span class='ocrx_word' id='word_1_316' title='bbox 738 3851 911 3903; x_wconf 78' lang='lat' dir='ltr'>beneficia.</span> 
     </span>
    </p>
   </div>
   <div class='ocr_carea' id='block_1_10' title="bbox 0 0 1271 4254">
    <p class='ocr_par' dir='ltr' id='par_1_10' title="bbox 0 0 1271 4254">
     <span class='ocr_line' id='line_1_40' title="bbox 0 0 1271 4254; baseline 0 0"><span class='ocrx_word' id='word_1_317' title='bbox 0 0 1271 4254; x_wconf 95' lang='lat' dir='ltr'> </span> 
     </span>
    </p>
   </div>
  </div>
 </body>
</html>
