2512 4254
175 249 237 312 roc
435 316 440 330 ,
505 201 733 308 ursumomo
758 241 870 304 noas
910 267 941 310 μ

499 389 733 462 CAPITULUM
758 395 884 460 xdvn.

204 503 253 568 De
273 503 432 583 lludodpbo
453 508 595 565 canonico
618 505 654 564 de
672 505 819 564 Addtmcle
841 505 891 564 cut
910 503 969 562 oiri
990 501 1132 562 candidati
1141 497 1161 574 ¹)

423 594 514 652 bocas
538 595 697 652 cononicus
719 592 961 652 decantaverunt.

237 691 291 758 Est
311 694 428 773 quidam
449 697 603 756 eanonicus
623 697 652 754 in
670 689 846 775 Aldinselc2)
868 687 1066 774 Rudolphus⁸)
1087 691 1195 764 nomme,

173 779 261 845 homo
296 783 492 861 grandaevus,
531 789 560 842 et
596 784 671 842 circa
700 777 796 842 officia
828 781 924 841 divina
952 779 1039 846 valde
1065 777 1196 840 sollicitus.

74 881 80 886 '
171 869 329 947 Nunquam
346 870 471 946 aliquam
483 869 585 929 boram
605 871 635 928 in
657 869 743 929 choro
759 867 885 948 negligit,
907 858 1061 928 dummodo
1079 864 1196 926 incedere

173 960 272 1037 possit,
286 959 361 1018 sieut
373 959 453 1022 testis
475 963 518 1016 est
529 953 665 1016 Allardns
677 963 773 1015 noster
786 958 924 1031 novicius,
946 951 1115 1032 quaudoque
1131 951 1196 1012 illius

174 1047 392 1106 concanonicus.
415 1043 548 1120 Quodam
559 1049 687 1119 tempore
698 1042 766 1102 dnm
778 1041 920 1104 defectum
930 1049 1050 1103 naturae
1058 1045 1196 1117 pateretur,

173 1127 215 1192 ita
235 1135 268 1190 nt
288 1127 420 1191 incedere
440 1148 499 1190 non
520 1129 619 1190 valens
640 1130 714 1190 lecto
738 1129 936 1205 decumberet,
964 1145 1020 1188 nec
1040 1133 1133 1188 tamen
1148 1123 1195 1184 ali-

175 1214 245 1294 quid
267 1217 372 1278 dolorls
386 1211 509 1290 sentiret,
531 1235 597 1277 cum
618 1215 706 1276 horas
727 1235 796 1276 suas
811 1215 904 1276 dicere
922 1233 981 1274 non
994 1220 1100 1291 posset,
1119 1229 1195 1290 quos·

175 1297 243 1366 dam
255 1307 332 1365 viros
346 1302 482 1364 candidos
495 1305 524 1362 in
537 1303 740 1381 superpelliciis
756 1310 784 1362 et
801 1309 918 1363 tonsura
932 1303 1106 1377 clericorum,
1125 1299 1196 1362 cortis

174 1387 252 1452 horis
273 1389 374 1453 adesse
395 1389 480 1466 vidit,
510 1391 559 1467 qui
581 1391 607 1450 ei
629 1408 728 1450 omnes
749 1389 835 1450 horas
858 1391 1059 1451 decantabant.
1100 1385 1197 1463 Quibus

176 1477 269 1553 dictis,
292 1479 425 1539 dicebant
445 1477 483 1536 ad
504 1475 641 1538 inuicem:
662 1476 752 1537 Modo
775 1494 926 1553 exeamus,
950 1482 979 1537 et
1000 1479 1123 1538 sinamus
1141 1488 1197 1532 euru

176 1561 361 1645 quiesceret).
406 1564 485 1646 Quos
513 1582 578 1625 cum
604 1564 766 1640 frequenter
793 1563 1047 1640 contemplaretur,
1078 1566 1106 1621 et
1123 1559 1197 1620 filiam

175 1654 280 1714 sororis
302 1664 376 1729 quae
410 1654 436 1712 ei
463 1649 643 1710 ministrabat
663 1669 721 1710 non
742 1668 828 1726 posse
849 1650 912 1710 illos
934 1649 1032 1710 videre
1054 1646 1197 1726 depreben-

174 1737 273 1815 disset,
293 1739 430 1799 intellexit
443 1741 509 1814 quia
521 1740 633 1810 animae
647 1731 904 1798 concanonicorum
919 1739 979 1808 eius
993 1742 1096 1811 essent,
1109 1734 1197 1812 qrribus

175 1827 238 1904 ipse
249 1825 388 1888 beneficia
408 1825 594 1902 impenderat.
637 1825 712 1901 Quia
728 1825 766 1886 ad
779 1819 1019 1904 sacramentum⁶)
1042 1823 1157 1898 comens
1174 1821 1197 1878 cl

65 1954 69 1963 .
91 1913 324 2000 s‘ianguinis
346 1912 451 1972 Christi
469 1913 579 1988 festino,
602 1910 722 1972 diversis
742 1911 790 1972 hic
804 1912 962 1974 visionibus
981 1911 1069 1972 finem
1091 1909 1197 1986 impono.

50 2057 139 2141 J,
440 2043 954 2099 &mamaeam-

433 2095 437 2106 ’
479 2167 746 2268 ursrruono
786 2167 911 2268 uode
956 2176 961 2183 ’

12 2281 14 2294 '
63 2331 67 2337 ·
178 2322 281 2410 un
322 2324 809 2410 saonamnuuo
848 2317 1197 2410 nonnosus

246 2427 346 2514 nn
388 2429 773 2558 annuemus
815 2427 1138 2514 emmaus.

527 2567 871 2621 *wi-0⁴⁴5-
930 2604 933 2612 ,

542 2689 852 2756 PROLOGUS.

244 2797 410 2894 [leomarus
445 2839 542 2892 tecum
573 2829 610 2893 de
644 2838 824 2894 'sacramento
861 2834 988 2910 corporis
1017 2840 1046 2894 et
1072 2825 1199 2908 sangdan

180 2931 299 3015 Christi,
321 2953 388 2998 cum
408 2940 509 2998 timore
530 2931 600 2998 illud
622 2944 748 3013 amento,
776 2940 844 3014 quia
864 2937 914 2997 ubi
936 2937 1000 2997 sola
1020 2937 1091 2996 fides
1111 2945 1199 3012 opere·

179 3045 243 3117 tur,
270 3048 299 3102 et
318 3044 435 3102 rationis
457 3042 593 3107 iudicium
616 3041 789 3118 excluditur,
810 3059 868 3101 non
890 3044 952 3102 sine
972 3041 1098 3120 periculo
1119 3037 1199 3097 diseu

182 3146 259 3222 titur.
301 3144 385 3207 Unde
405 3145 446 3206 nil
466 3148 535 3207 novi
556 3149 617 3206 sive
639 3147 764 3206 inusitati
784 3146 850 3206 inde
871 3145 965 3208 dicere
986 3157 1144 3223 praesumo,
1158 3135 1200 3200 scd

179 3262 257 3325 quac
276 3252 369 3310 saneti
388 3252 451 3312 sive
471 3250 604 3312 doctores
625 3253 720 3311 eximii
741 3250 778 3310 de
798 3231 857 3311 illo⁸
869 3257 1037 3328 demetunt,
1057 3245 1200 3310 summatim

182 3351 336 3428 replicabo.
378 3352 522 3415 Adiioiam
542 3361 572 3414 et
593 3354 725 3432 exempla
745 3355 878 3432 plurima,
901 3369 976 3430 quae
997 3353 1068 3414 milri
1087 3361 1200 3428 aperit·

180 3457 225 3516 nis
237 3456 364 3534 probatis
371 3460 486 3517 memini
494 3461 620 3519 recitata
641 3460 676 3517 In
687 3461 791 3535 quibus
801 3461 826 3518 si
838 3459 934 3536 aliqua
943 3456 1201 3534 fuerintquaestiouc

181 3558 276 3640 digna,
296 3568 331 3621 ut
350 3561 500 3637 sompulus
520 3568 710 3640 removeatur,
730 3570 782 3624 tua
804 3561 971 3624 discutiatur
991 3559 1201 3639 interrogatione.

199 3677 231 3748 1)
248 3677 270 3732 Ρ
288 3676 427 3731 candidi.
446 3707 477 3719 -
496 3679 529 3748 2)
545 3677 700 3746 Addensele,
723 3679 866 3744 Oldcnziel‚
891 3678 1012 3748 oppidum
1030 3677 1153 3732 licentiae.
1175 3699 1197 3712 -

250 3750 267 3802 3
301 3747 322 3802 C
345 3747 525 3813 Eurardus,
547 3747 613 3801 iter
631 3765 688 3802 corr
704 3749 732 3804 A
754 3747 940 3805 Euorardus
966 3745 1198 3820 (susurrus).-

251 3817 268 3871 4
300 3817 323 3872 Β
340 3817 499 3872 modicum
516 3821 737 3888 requiescere.
756 3850 788 3862 -
807 3821 839 3890 5)
855 3815 943 3888 scut
961 3823 1165 3874 sacramente.
