2506 4254
111 335 112 344 ἵ
393 265 448 326 DE
467 267 748 330 MORIENTIBUS.
920 307 922 314 ,
1026 273 1086 330 2⁷⁷

75 401 166 462 causa,
186 389 224 448 ita
244 395 277 447 nt
298 390 467 450 abiiceretur
478 387 495 470 ¹)
516 392 554 450 ab
576 391 639 450 illis.
683 391 808 468 Contigit
834 399 900 468 post
926 392 999 452 haec
1007 390 1028 472 ²)
1056 400 1089 452 ut

73 472 148 532 buter
166 473 238 535 idem
251 484 416 551 moreretur,
439 483 468 537 et
481 481 538 537 iam
556 478 647 537 dictus
660 477 816 538 Wamerus
836 482 986 539 interesset
1007 496 1088 538 com-

72 560 229 622 mendationi
258 565 327 623 eius.
375 563 466 623 Moris
495 571 591 624 autem
619 571 687 624 tunc
716 572 790 639 erat,
819 571 851 625 ut
877 566 974 640 aliquo
1003 583 1088 642 super

72 651 178 707 mattam
197 651 305 724 posito,
331 649 432 709 fratres
453 652 527 710 sicut
547 653 607 709 sine
628 654 809 726 processione
831 659 1027 728 occurrerunt,
1047 657 1088 712 ita

71 733 124 792 sine
142 734 235 794 ordine
256 737 331 794 circa
352 740 519 796 morientem
540 743 694 812 steterunt,
714 739 765 798 ubi
786 741 888 814 cuique
909 737 1013 818 prior³)
1036 756 1087 799 oc-

72 835 158 878 cursus
186 827 237 880 aut
264 821 378 881 devotio
410 823 507 882 locum
535 824 627 898 dedit,
659 825 738 884 laicis
766 825 897 884 iratribus
926 826 992 884 binc
1020 827 1086 886 inde

71 907 136 964 ebra
166 909 321 968 monachos
354 911 504 969 stantibus.
559 910 682 986 Corpore
715 913 799 988 igitur
831 914 935 970 mortui
965 912 1024 972 loto
1058 921 1087 971 et

71 989 160 1068 alato,
195 995 266 1054 vidit
300 995 378 1056 idem
410 997 567 1056 Wamerus
602 997 708 1056 multas
741 998 874 1056 candelas
906 1001 934 1056 in
968 1001 1086 1058 circuitu

69 1077 149 1138 leretrl
179 1087 313 1157 statutas,
346 1089 375 1142 ct
407 1100 506 1142 omnes
538 1082 679 1142 ardentes,
728 1083 762 1144 In
794 1093 875 1159 parte
903 1091 1000 1144 autem
1029 1103 1087 1161 qua

70 1165 122 1239 lpse
147 1169 254 1242 stabat,
287 1186 386 1228 omnes
411 1169 547 1229 candelae
574 1172 680 1246 pariter
709 1173 849 1230 extinctae
879 1178 953 1229 sunt.
1002 1171 1085 1232 Unde

70 1254 172 1312 miratus
207 1254 356 1315 simulet
393 1258 520 1330 territus,
556 1275 621 1315 cum
655 1274 758 1333 corpus
791 1260 818 1314 in
852 1257 1000 1316 ecclesiam
1033 1257 1086 1317 de-

69 1335 146 1400 latum
168 1341 278 1416 luisset,
304 1345 366 1418 ipse
396 1342 540 1402 dominum
553 1343 706 1420 'Sylridum
734 1347 819 1402 traxit
846 1347 875 1402 in
904 1351 1027 1420 partem,
1057 1351 1086 1404 et

14 1449 15 1478 r
70 1426 263 1487 contessionem·
285 1425 395 1508 tecitt),
426 1432 626 1489 extinctionem
657 1430 840 1489 candelarum
868 1433 926 1490 suis
959 1434 1086 1507 peccatis

14 1567 15 1574 ,
69 1510 240 1592 impurium),
269 1521 298 1574 et
327 1517 505 1576 innocentiae
532 1517 624 1575 fratris
653 1516 886 1574 manifestandae.
940 1517 1085 1578 Reversus

68 1597 91 1654 in
104 1599 253 1675 ecclesiam,
275 1603 390 1661 easdem
406 1603 538 1662 candelas
552 1605 667 1678 invenit,
689 1609 717 1662 et
732 1619 830 1662 omnes
848 1619 883 1662 ox
906 1606 983 1664 omni
1003 1611 1084 1679 parte

69 1684 183 1746 ardentes
204 1687 282 1748 uidit.
761 1693 767 1704 ⁸

425 1877 656 1939 CAPITULUM
678 1879 719 1938 X.

339 2001 388 2060 Dc
407 2009 501 2060 morte
521 2003 650 2060 Herwicr'
670 2003 795 2060 Primis.

121 2117 199 2181 Anno
226 2125 378 2198 praeterito
409 2123 558 2182 defunctus
588 2129 632 2182 est
651 2122 757 2182 ibidem
780 2122 910 2181 dominus
930 2121 1080 2184 Herwicus

69 2200 141 2281 Prior,
160 2211 201 2267 vir
221 2210 336 2284 quidem
357 2210 546 2286 grandaevus,
568 2216 596 2268 ct
611 2211 686 2267 circa
707 2209 884 2284 disciplinam
905 2208 1080 2270 ferventissi-

67 2303 126 2352 mus.
166 2295 219 2370 Qui
236 2313 302 2355 eum
316 2313 379 2355 sero
394 2303 541 2372 putaretur
552 2313 615 2354 esse
637 2297 798 2368 moriturus,
820 2295 915 2353 multis
937 2298 985 2370 qui
1007 2313 1078 2355 con-

67 2388 185 2440 venerant
205 2382 281 2442 clara
302 2400 375 2442 voce
397 2383 522 2443 dicebat:
543 2382 608 2440 Non
629 2381 715 2440 modo
737 2384 854 2456 moriar,
883 2381 934 2440 sed
956 2385 1078 2442 crastina

66 2460 108 2537 die,
130 2466 195 2528 bora
216 2486 293 2528 nona
315 2486 362 2528 ero
385 2477 451 2529 ante
472 2485 614 2529 summum
635 2468 773 2543 iudicem,
795 2467 831 2526 de
853 2468 984 2527 omnibus
1005 2486 1077 2543 ope·

65 2549 127 2612 ribus
146 2558 214 2615 meis
226 2555 332 2616 ibidem
344 2555 504 2616 redditurus
526 2557 672 2614 rationem.
714 2555 824 2614 Eadem
845 2553 985 2629 siquidem
1005 2554 1077 2614 hora

64 2641 205 2713 exspiravit
246 2642 281 2701 In
311 2645 391 2701 cuius
412 2645 533 2702 transitu
555 2642 671 2716 quidam
694 2641 814 2700 confessi
838 2647 904 2700 sunt
932 2657 962 2699 se
984 2659 1076 2718 ange·

62 2719 97 2780 los
120 2728 266 2788 audivisse.
316 2729 415 2788 Simile
443 2730 533 2788 babes
562 2729 598 2787 de
626 2727 722 2788 Ulrico
752 2727 893 2786 monacho
922 2726 1076 2786 Vilariensi

62 2809 271 2874 indistinctione
292 2827 378 2874 noua*
398 2815 521 2890 capitulo
550 2817 692 2874 tricesimo
721 2816 820 2890 primo.
870 2811 1073 2873 NOVIOIUS:

63 2893 125 2970 Quid
144 2908 185 2960 cst
198 2919 304 2978 quaeso
320 2902 397 2977 quod
418 2902 465 2960 ille
478 2901 619 2978 praedixit
635 2919 666 2961 se
680 2901 789 2960 ibuum'
808 2917 870 2959 esse
891 2899 930 2958 ad
950 2902 1073 2974 nuptias,

62 2981 104 3040 istc
122 2985 156 3044 ad
175 2987 331 3048 iudicium?
374 2987 608 3048 MONAoHUS:
630 2987 683 3046 llle
712 2994 810 3064 utpote
832 2989 861 3045 in
883 2984 1075 3046 adolescentia

63 3083 211 3149 conversus,
239 3077 286 3150 pie
315 3077 517 3150 praesumebat
546 3075 581 3134 de
611 3073 754 3134 custodita
773 3075 950 3148 innocentia3
986 3075 1073 3132 istum

63 3159 199 3220 termemnt
225 3169 345 3237 peccata
373 3162 463 3220 multo
497 3169 624 3237 tempore
659 3163 819 3220 commissa.
875 3159 968 3219 Senex
999 3163 1073 3218 enim

62 3248 216 3307 venerated
238 3251 460 3308 conversionem.
502 3247 703 3308 NOVIOIUS:
732 3247 816 3307 Beati
837 3249 939 3307 mortui
961 3250 1010 3322 qui
1031 3249 1072 3306 sic

62 3325 82 3384 in
99 3329 214 3394 Domino
236 3338 394 3395 moriuntur
402 3331 432 3415 ⁵).
474 3334 707 3406 MONAOHUS:
730 3333 846 3409 Quanta
867 3336 951 3392 sitin
969 3332 1073 3392 Domi·

63 3422 276 3482 comedentium
299 3423 454 3499 beatitudo,
475 3423 606 3482 subiecta
627 3420 813 3480 declarabunt
835 3420 973 3496 exempla.

77 3685 97 3752 l]
112 3688 189 3745 tuac
207 3695 484 3762 siccaretur—2)
501 3693 543 3748 BC
562 3694 629 3745 boc.
646 3721 674 3732 —
692 3693 724 3760 3)
742 3693 762 3745 B
780 3693 962 3760 ubicunque
979 3691 1071 3757 prior

112 3769 166 3813 ent.
185 3793 215 3804 -
234 3764 266 3832 4)
286 3765 304 3816 Β
323 3773 444 3831 partem
462 3764 497 3816 ad
516 3765 765 3816 contessionem.
778 3792 809 3804 -
824 3762 856 3829 5)
874 3759 961 3814 ACEF
979 3775 1071 3825 repu-

112 3836 184 3883 tent.
205 3863 234 3874 -
254 3835 285 3900 6)
303 3834 382 3902 Λροο.
403 3835 445 3898 lt,
463 3835 504 3888 13.
