2524 4252
190 249 254 310 ala
473 245 701 310 ultumum
721 235 931 309 bunum

190 370 268 430 tibus
288 374 319 429 ct
337 367 415 430 mala
434 369 623 436 morientibus
644 375 790 448 comperta
810 377 886 430 sunt.
935 369 984 429 De
1011 368 1057 444 his
1080 385 1151 430 voro
1167 370 1210 445 qul

190 457 264 518 hana
284 455 456 516 videbauuu
475 458 598 532 virium,
626 473 680 516 nec
709 463 807 518 musea
827 457 903 520 buna
929 457 1120 517 consummati
1139 463 1210 530 sunt,

190 560 280 604 unum
300 544 353 602 tihi
373 542 495 604 sciemur
516 541 680 620 exemplum
700 543 780 619 quod
800 560 892 620 nuper
912 543 1018 604 audiui.

541 731 775 794 CAPITULUM
796 733 879 793 LXI.

275 854 323 916 De
344 855 538 930 hospitalario
559 857 612 930 qui
632 872 662 914 cc
683 857 781 930 ipsum
802 859 834 916 ia
863 859 950 932 aquia
971 855 1135 934 wocuoit

254 974 321 1034 Hoc
342 991 417 1034 anno
440 991 505 1034 uum
525 973 628 1034 Abbas
648 979 745 1034 noster
764 975 819 1036 iret
836 973 876 1036 ad
893 973 1058 1051 Capitulum
1077 971 1209 1051 generula

189 1062 270 1121 iuxta
282 1061 436 1120 liniacum
447 1057 464 1141 ¹)
486 1079 504 1120 a
525 1060 651 1137 quodam
663 1060 847 1137 hospitalario
861 1067 921 1121 tam
937 1064 999 1138 ipsu
1018 1079 1103 1136 quam
1117 1060 1207 1119 Abbas

191 1146 227 1207 de
255 1147 389 1207 Scimsuu
425 1150 571 1208 caritative
605 1149 675 1206 satis
710 1151 835 1223 suscepti
872 1155 946 1207 sunt.
1001 1147 1208 1208 comedentibus

190 1236 241 1308 eis,
260 1233 337 1293 idem
358 1233 568 1310 hospitalarius,
590 1241 651 1293 erat
672 1236 747 1294 enim
768 1234 916 1310 hospitalis
938 1237 1080 1311 magister,
1100 1233 1208 1294 sedebat

190 1320 229 1379 ad
249 1319 324 1379 latus
345 1318 461 1380 chrici
484 1320 619 1380 cellerarii
640 1322 737 1380 nostri
791 1320 848 1396 Qui
875 1328 943 1397 post
970 1321 1118 1396 prandium
1139 1319 1207 1378 dicu·

189 1406 242 1469 bat
261 1407 319 1466 iam
340 1406 417 1466 dicto
438 1405 566 1467 Abbati:
592 1407 647 1466 Est
667 1409 750 1466 vobis
771 1414 856 1467 notus
877 1408 964 1466 homo
985 1406 1060 1467 iste?
1108 1407 1207 1480 Etiam,

189 1494 295 1569 inquit,
321 1493 409 1554 homo
431 1494 523 1554 bonus
545 1498 589 1552 est
616 1499 646 1552 et
672 1493 830 1569 religiosus.
878 1493 1039 1570 Respondit
1065 1493 1206 1552 Heudum:

190 1578 304 1639 Credite
324 1579 402 1656 mihi,
422 1579 548 1640 inmalo
570 1586 647 1640 statu
668 1586 724 1654 est3
751 1582 859 1639 iamin
880 1597 980 1640 mensa
1000 1583 1093 1640 visum
1117 1580 1207 1640 babuit

189 1665 364 1726 infernalem.
391 1666 482 1746 'Mane
496 1683 565 1726 vero
578 1667 722 1726 cellerario
740 1665 851 1726 diceme
864 1670 989 1742 missam,
1009 1666 1110 1727 Abbau
1121 1671 1206 1726 undu

190 1755 287 1814 nescio
307 1770 366 1829 quo
386 1755 528 1829 mutinum,
549 1755 622 1813 sicut
642 1755 704 1829 ipse
719 1754 803 1813 nobis
821 1753 969 1827 referebat,
989 1753 1060 1812 nihil
1079 1753 1151 1813 aliud
1163 1767 1206 1828 per

190 1845 281 1900 totam
292 1843 410 1900 missum
423 1840 526 1900 orabat
545 1842 599 1899 nisi
619 1839 691 1898 hoc:
711 1839 836 1922 Domine
850 1840 887 1900 da
907 1839 977 1898 mihi
996 1841 1104 1900 bouum
1121 1839 1205 1898 linem

190 1925 301 1985 Eadem
320 1932 405 1986 nocte
426 1927 570 2003 praelatus
590 1924 791 2003 hospitalarius
811 1926 849 1985 ad
869 1929 995 1986 vicinum
1015 1928 1118 1988 damen
1136 1925 1204 1985 sulm

190 2011 308 2088 vadens,
328 2017 424 2073 vestes
440 2016 525 2089 exuit
547 2021 576 2074 et
598 2012 633 2072 de
650 2016 712 2088 ripa
728 2015 758 2070 iu
774 2031 871 2088 aquas
892 2013 1016 2073 saltavit
1035 2013 1073 2072 Et
1093 2029 1153 2072 curn
1170 2011 1204 2070 ibi
1246 2021 1247 2095 t

183 2101 280 2176 *murgi
299 2116 357 2159 nou
377 2105 488 2175 posset,
515 2099 599 2159 altius
620 2099 756 2174 ascendit,
776 2100 872 2158 locum
894 2117 1033 2176 quaerens
1053 2098 1202 2176 profundio-

190 2203 250 2246 ram
262 2181 294 2265 ²).
336 2186 445 2263 Vigiles
465 2186 502 2246 de
524 2194 617 2246 casho
638 2186 768 2246 videmos
789 2182 904 2265 hacc³),
934 2185 1109 2247 clamabant:
1134 2187 1202 2244 Bone

190 2272 277 2334 humo
298 2289 356 2333 non
378 2278 423 2333 est
442 2275 644 2349 tempestivum
664 2273 715 2331 tali
735 2272 807 2332 hora
833 2270 999 2352 balneari‘).
1048 2273 1116 2333 Erat
1139 2273 1201 2332 euim
1245 2295 1246 2300 ¹

190 2376 249 2419 nox
269 2358 432 2422 Natiuitatis
444 2360 586 2420 Dominae
607 2365 721 2420 nostrum
731 2357 759 2439 ε).
803 2359 880 2436 Quid
900 2358 1003 2436 plura?
1045 2359 1202 2420 Miserrimus

191 2444 228 2506 da
248 2443 341 2504 littora
363 2463 394 2505 se
413 2448 619 2522 praecipitans,
648 2449 677 2504 tn
698 2446 766 2505 limo
788 2447 919 2520 profundi
946 2445 1049 2506 infixus
1071 2452 1113 2506 ost
1131 2452 1202 2520 atquc

190 2533 364 2592 submersus.
406 2532 444 2591 Et
464 2535 552 2592 territi
565 2541 632 2592 suut
644 2532 729 2592 valde
751 2533 898 2593 audientes
919 2533 1000 2608 haec,
1022 2535 1139 2594 scientes
1156 2531 1201 2589 bo-

190 2620 296 2680 minem
316 2618 382 2696 plus
404 2635 490 2694 quam
503 2621 618 2696 triginta
631 2621 712 2678 annis
725 2621 899 2695 pauperibus
921 2621 1081 2680 servivisse
1121 2615 1201 2680 sunus

191 2707 309 2782 contigit
323 2705 436 2766 cuidam
458 2721 595 2766 converso
605 2708 635 2765 in
657 2705 755 2765 ordine
772 2711 876 2780 nostro,
899 2708 948 2782 qui
968 2723 1020 2782 pro
1043 2703 1200 2768 smcdseiuo

190 2795 252 2852 viro
274 2792 312 2851 ab
335 2792 466 2852 omnibus
487 2792 655 2852 habebatur.
697 2789 900 2852 NOVIOIUS:
927 2793 1109 2852 Satissactum
1129 2792 1200 2850 intuor

190 2882 403 2956 interrogationi
423 2895 519 2955 meae;
541 2879 592 2938 sed
614 2877 709 2937 adhuc
723 2895 812 2936 unum
829 2884 881 2953 est,
903 2879 981 2955 quod
1002 2897 1088 2940 nosse
1108 2877 1199 2938 vellera

192 2964 317 3041 Quidam
338 2971 442 3042 putant
470 2971 589 3026 mortam
620 2981 682 3026 csse
710 2983 876 3041 personam3
905 2963 1040 3046 quibust)
1068 2962 1200 3026 concordat
1243 2979 1244 3053 p

190 3051 269 3125 quod
290 3069 366 3112 mors
387 3055 417 3110 iu
439 3055 533 3130 specie
554 3052 675 3111 hominis
691 3069 755 3110 cum
776 3051 849 3111 falce
866 3054 895 3110 in
915 3054 1034 3128 picturis
1054 3064 1200 3130 repraesen-

190 3142 275 3199 tatur.
324 3137 558 3199 MONACHUS:
592 3137 669 3199 Huic
689 3137 803 3197 fabulas
825 3141 1006 3198 consentiunt
1025 3137 1139 3211 Judael,
1161 3133 1199 3210 qli

192 3221 290 3281 disum
316 3242 405 3283 unum
434 3242 496 3284 esse
525 3225 660 3302 angelum
686 3243 704 3284 a
733 3242 790 3300 quo
818 3225 983 3284 interficitur
1010 3242 1093 3286 omne
1127 3235 1199 3302 genus
1242 3253 1243 3264 .

191 3309 356 3368 humanum.
399 3311 528 3370 Trahunt
549 3319 646 3371 autem
668 3313 866 3372 auctoritatem
888 3313 925 3372 ab
948 3329 982 3373 eo
1003 3311 1068 3372 loco
1093 3312 1138 3370 ubi
1161 3321 1200 3384 per

192 3394 325 3472 angelum
353 3413 489 3472 percussa
516 3404 583 3457 sunt
610 3401 705 3456 omnia
737 3401 925 3476 primogenita
952 3398 1087 3478 Aegypti.
1138 3387 1198 3470 Quill

192 3488 288 3544 autem
321 3483 358 3540 sit
389 3499 479 3557 mors,
511 3486 580 3543 satis
603 3484 708 3544 dictum
733 3491 777 3544 est
803 3487 831 3542 in
861 3485 985 3562 capitulo
1017 3488 1105 3564 primo
1131 3481 1199 3540 buius
1241 3491 1242 3540 t

211 3663 324 3733 1)ch
342 3665 534 3728 vitriacum,
558 3665 775 3720 Bliuuiucum.
802 3699 832 3709 -
857 3669 889 3737 2)
912 3671 953 3723 ΕΡ
975 3669 1198 3738 profundiorem

261 3748 433 3802 quaereus.
453 3763 483 3772 —
503 3736 534 3802 3)
553 3735 595 3787 BP
612 3737 765 3806 hoo-4)
784 3739 804 3790 B
822 3739 986 3792 balneare.
1006 3769 1037 3782 -
1052 3741 1083 3808 5)
1099 3735 1137 3790 CF
1152 3734 1198 3786 bc
1240 3769 1241 3810 t

262 3804 407 3853 minicae.
426 3831 458 3839 -
476 3802 508 3870 6)
526 3801 567 3855 CF
585 3806 645 3854 cui.

1224 4063 1240 4204 r
