2506 4254
8 325 10 354 r
93 289 96 298 ⁴
177 289 238 350 reo
517 292 747 356 nrsrnrorro
767 291 880 358 nont

521 484 755 549 CAPITULUM
787 486 863 548 XX.

233 604 282 664 Dc
303 605 453 668 Hortariico
474 607 606 668 semim
627 611 681 685 pari
700 609 775 669 cidit
793 607 928 686 sormam
948 611 1101 687 sapone
1118 610 1147 672 rio

554 696 644 755 colice
664 698 697 754 ia
717 696 833 756 Reme.

240 809 390 874 Johannes
424 814 528 876 Pastor
562 815 599 878 de
634 816 739 879 Riseno
750 814 768 897 ¹)
802 816 891 878 irater
924 816 1047 878 carnalis
1079 815 1192 878 monachi

8 889 9 958 3
114 905 126 932 ⁸
174 902 266 964 vrnostri
286 901 432 978 Bemardi,
452 904 570 962 missam
592 903 718 979 quadam
731 903 785 966 ‘dia
807 904 970 980 celebravit,
992 911 1023 966 et
1045 905 1193 966 ministravit

176 987 203 1046 ei
234 987 372 1048 scholaris
398 987 514 1064 quidam
542 989 657 1052 adultus
685 993 799 1052 nomine
819 991 991 1053 Hertwieus.
1033 991 1090 1070 Qui
1113 985 1192 1070 onm¹)

175 1079 241 1148 post
268 1077 479 1151 perceptionem
508 1079 633 1152 corporis
655 1084 684 1137 ct
708 1081 858 1156 'unguinis
880 1077 985 1138 Christi
1010 1081 1108 1139 vinnm
1127 1077 1193 1138 calci

174 1159 349 1236 inl‘rmdcret,
381 1161 500 1222 visibilis
531 1167 638 1224 cruoris
670 1165 791 1225 sormam
817 1168 848 1225 in
877 1183 912 1226 eo
941 1165 1021 1227 vidit
1069 1163 1192 1226 Sacerdos

174 1263 244 1306 voro
264 1247 362 1308 videre
382 1265 441 1308 non
461 1252 568 1326 potuit,
596 1257 625 1311 et
644 1249 710 1312 ideo
730 1253 804 1313 forto
825 1255 894 1328 quia
913 1253 975 1328 ipso
996 1255 1027 1311 in
1048 1252 1128 1330 eulpa
1145 1267 1192 1312 non

174 1333 235 1408 suit
272 1332 354 1396 Idem
368 1335 534 1397 adolescens
556 1337 720 1398 clericatum
736 1340 869 1402 deserens
890 1339 984 1400 iaetus
1007 1346 1052 1400 est
1069 1337 1192 1415 mileact

173 1437 266 1496 nsque
287 1421 372 1482 lrodie
393 1440 424 1482 se
447 1422 550 1486 Christi
571 1427 740 1502 sanguinem
752 1424 870 1490 tundere
892 1426 1025 1502 ostendit,
1046 1429 1111 1504 qnia
1128 1423 1192 1486 mrrl·

173 1514 218 1570 tos
240 1508 431 1584 depraedatur
451 1516 481 1572 et
500 1511 607 1588 affligit
650 1511 784 1574 Referam
805 1513 857 1573 tibi
878 1513 965 1573 aliam
989 1509 1191 1588 vidonem,·do

173 1611 231 1670 qnia
262 1596 331 1655 mihi
358 1613 416 1657 non
445 1605 557 1658 constat
577 1604 673 1657 utrum
694 1606 810 1676 propter
830 1599 988 1660 sacerdotis
1009 1599 1121 1678 aliquod
1139 1615 1191 1659 mo·

172 1684 257 1742 ritum
278 1686 340 1746 siva
362 1684 483 1762 culpam,
504 1685 552 1746 val
573 1687 817 1748 drcumstantium
838 1693 953 1748 ostensa
976 1693 1029 1748 ost.
1155 1735 1159 1740 .

517 1891 750 1974 clementor
770 1893 859 1955 xxr.

192 2015 240 2074 De
263 2013 466 2074 Hildabroodo
490 2017 640 2076 sacerdote
661 2016 697 2076 da
717 2013 876 2090 Meetedo³)
898 2019 951 2094 qui
971 1977 1046 2092 vidit
1065 2019 1172 2096 speciae

347 2105 462 2162 cruoris
491 2105 524 2163 ira
545 2105 634 2163 codice
655 2121 722 2164 eum
745 2103 861 2164 duobus
881 2103 1032 2166 militibus.

233 2221 448 2284 Hildebrandus
476 2224 611 2286 sacerdos
639 2225 676 2286 do
696 2221 858 2306 Mestcde‘)
891 2229 971 2287 iuxta
995 2216 1187 2302 cnvmdianl,

169 2327 236 2371 eum
258 2309 304 2370 die
325 2310 450 2386 quadam
471 2315 589 2372 missam
603 2313 768 2388 celebraret,
788 2314 865 2373 sacta
880 2313 1187 2383 nanssubstantialiona

167 2399 335 2474 sanguinem
356 2398 591 2459 sacramentalem
613 2397 776 2475 saepedicto
797 2398 884 2460 modo
905 2401 1130 2460 transformatum
1148 2397 1187 2456 vi·

168 2484 210 2546 dit
229 2487 259 2543 in
281 2483 378 2544 calice.
420 2485 529 2546 Volane
551 2489 622 2546 tanti
643 2487 772 2546 miraculi
787 2487 895 2549 habere
916 2493 1013 2564 testes,
1034 2487 1105 2548 duos
1122 2483 1187 2544 mili·
1244 2559 1245 2570 2

166 2577 211 2632 tes
232 2588 267 2632 ex
288 2571 467 2649 parochianis
481 2575 540 2633 suis
561 2575 611 2649 qui
631 2573 726 2633 eidem
747 2575 851 2634 missac
871 2576 1026 2634 intererant
1042 2571 1187 2634 advomvit
1244 2583 1245 2602 ¹

166 2657 222 2736 Qui
252 2663 318 2722 oum
344 2676 403 2719 non
425 2661 485 2720 vini
505 2660 557 2720 sed
580 2663 686 2720 cruoris
707 2663 832 2736 speciem
853 2677 919 2721 curn
941 2661 1088 2722 sacerdote
1106 2657 1187 2719 vidis·

165 2751 238 2821 sent,
259 2753 435 2822 expaverunt
454 2746 555 2822 valde;
577 2748 699 2809 multum
720 2753 817 2808 tamen
835 2748 985 2808 confortati
1005 2755 1072 2808 sunt
1090 2743 1186 2806 mildo.

164 2831 366 2894 NOVIOIUS:
387 2833 464 2895 Satis
485 2833 635 2910 expeditus
656 2851 721 2894 smn
742 2835 779 2895 de
792 2834 941 2896 sacordote
963 2841 993 2896 et
1013 2838 1186 2896 circumstan-

163 2920 256 2995 tihns3
284 2919 336 2980 scd
364 2923 450 2986 miror
472 2923 497 2980 si
517 2921 671 2996 aliquando
692 2921 855 2982 huiusmodi
875 2921 1014 2982 miracula
1035 2921 1186 2996 mnringmt

41 3059 43 3064 -
164 3011 281 3081 lir⁰lJtcr
301 3023 351 3068 cos
372 3009 422 3085 qui
442 3014 606 3087 praesentes
627 3005 715 3090 nont)
736 3017 812 3070 srmt.
845 3005 1080 3071 MONAOHUSr
1104 3005 1186 3067 aran

165 3091 335 3168 frequenter.

177 3595 208 3666 l)
225 3593 247 3648 B
265 3591 421 3660 acyrone.
440 3622 471 3634 -
490 3593 522 3663 2)
539 3593 560 3648 B
579 3610 645 3648 curn
663 3594 792 3648 missam
811 3625 841 3636 -
861 3595 1062 3663 celebraret,
1083 3603 1114 3650 ot
1134 3593 1181 3648 ni-

227 3663 399 3716 nistcrinrn
420 3663 449 3715 ei
469 3693 499 3704 -·
518 3663 706 3717 llertwicus
728 3665 869 3730 laceret,
892 3665 950 3718 illc
973 3682 1049 3719 curn.
1069 3696 1099 3707 -
1117 3661 1181 3733 SM

224 3733 409 3798 licostenes,
432 3731 454 3784 B
477 3731 680 3798 deposcere,
704 3731 960 3802 Olliensteyne,
983 3734 1180 3788 Pllnstcinc

225 3833 256 3844 -
275 3799 568 3870 d)Bllcpnstcrlc,
595 3799 636 3852 GP
654 3799 811 3852 llercode.
831 3831 862 3842 -
889 3802 960 3870 sJB
985 3801 1180 3870 Covordlm

223 3871 358 3928 Cdvorden
374 3869 492 3940 oppidum
509 3869 656 3937 provinciae
673 3867 870 3922 inconcinnae.
890 3899 921 3915 -·
940 3872 972 3940 6)
990 3888 1053 3927 non
1070 3873 1119 3926 add
1134 3870 1179 3924 Bll.
