2524 4252
391 270 747 336 annosissimus.
871 269 874 281 '
1022 271 1091 332 sos

413 443 646 508 CAPITULUM
664 444 729 506 LV.

231 565 280 626 Dc
300 564 466 628 latronibus
489 565 628 626 Golonioc
651 567 907 642 aramancias.

128 683 196 748 Cum
216 691 344 763 tempore
365 687 491 762 quodam
511 694 569 748 tres
588 685 713 748 necnee
734 688 814 748 iuxta
836 685 983 748 Coloniam
1003 684 1087 744 rotali

72 787 154 848 poena
171 772 247 848 plexi
266 773 398 852 fuissent,
424 789 477 850 ego
502 773 593 834 altera
614 774 659 833 die
688 791 754 834 cum
780 775 881 834 cetera
908 771 1087 834 scholaribus
1172 765 1179 780 '

73 875 222 934 assumens,
252 877 327 935 quac
348 861 385 919 ab
408 878 465 920 uno
494 859 620 934 illomm,
650 862 699 938 qni
727 859 822 920 adhuc
846 859 978 934 vivebat,
1006 857 1087 920 dice·

72 944 163 1005 benbu
182 945 287 1007 audivi
328 945 492 1022 Requisitus
504 964 562 1022 que
573 947 644 1006 hora
661 949 765 1008 mortui
785 946 904 1006 fuissent
924 947 994 1006 socii
1015 945 1086 1019 eius,

14 1045 15 1114 ᾗ
72 1031 215 1107 respondit:
237 1031 303 1094 Hac
322 1039 407 1093 nocte
429 1032 544 1108 quando
566 1039 694 1092 mortuus
716 1040 761 1093 est
780 1039 835 1094 rste
858 1035 907 1109 qrxi
932 1034 1012 1092 iuxta
1040 1047 1087 1092 me

14 1127 16 1196 ξ
73 1117 149 1194 sedet,
168 1125 245 1180 totus
267 1136 384 1196 campus
407 1121 500 1179 eorvis
524 1119 616 1179 iuerat
641 1119 775 1196 repletus.
825 1119 906 1195 Quos
934 1110 1088 1178 daemones

14 1207 15 1286 j
72 1203 247 1266 intelleximus
267 1207 297 1264 in
318 1209 412 1282 specie
434 1223 586 1266 corvomm
607 1209 731 1266 animem
752 1222 896 1283 egressam
918 1210 1087 1280 exspectan·
1198 1233 1200 1242 ι

72 1295 109 1352 iss
120 1288 142 1372 ¹).
182 1291 221 1352 Et
242 1309 309 1352 cum
328 1291 401 1354 haec
422 1296 507 1355 miser
522 1293 574 1354 ille
595 1293 727 1370 vidisset,
751 1310 805 1354 nec
825 1310 884 1354 una
906 1291 1021 1368 quidem
1041 1292 1088 1350 vi·

14 1433 15 1436 ,
73 1372 126 1457 ce²)
143 1379 227 1440 nobis
248 1377 428 1438 audientibus
442 1379 538 1440 Deum
554 1381 706 1454 invocavit,
726 1379 796 1440 nihil
816 1378 927 1442 habens
942 1378 1088 1438 contritio-

73 1463 117 1522 nis.
153 1464 198 1524 Ex
219 1465 439 1542 qnocolligitur
461 1466 539 1542 quod
560 1467 590 1524 hi
612 1470 660 1544 qui
681 1466 755 1530 mele
776 1467 892 1539 vivunt,
923 1465 1089 1540 saepissime

14 1595 15 1612 ,
73 1549 136 1610 nale
155 1551 270 1628 linium,
298 1549 404 1629 indigni
424 1552 628 1630 misericordia,
657 1559 716 1612 tam
735 1555 766 1612 in
787 1553 929 1627 praesenti
951 1569 1038 1625 quam
1060 1549 1089 1612 in

14 1669 15 1694 ;
72 1633 162 1698 futura
206 1637 301 1714 Quam
322 1638 435 1700 crudele
463 1635 615 1715 peccatum
643 1641 679 1698 sit
706 1641 873 1714 sanguinem
898 1631 1032 1712 lunius,
1060 1643 1090 1702 et

14 1739 15 1760 ¹
74 1720 249 1788 dissensiones
270 1724 375 1802 fovere,
396 1743 530 1806 praesens
552 1731 596 1786 est
610 1725 780 1801 exemplum

406 1913 640 1976 CAPITULUM
659 1914 738 1976 LVI.

14 2019 15 2038 ³
104 2035 281 2094 sansacu
302 2038 354 2110 qui
372 2043 439 2112 post
460 2042 585 2095 mortam
606 2039 639 2094 tn
659 2036 811 2112 sepulchro
832 2033 1053 2094 commodabunt.

14 2191 15 2232 3
128 2153 158 2216 ln
185 2155 361 2232 Episcopatu
391 2155 552 2216 Coloniensi
582 2156 655 2216 duae
690 2158 887 2233 generationes
922 2157 1091 2216 rusticomm

14 2249 15 2308 ξ
73 2239 220 2302 inimicitias
240 2243 375 2304 mortales
394 2245 572 2304 exercebant.
614 2243 772 2304 Habebant
792 2251 888 2304 autem
910 2241 966 2302 duo
989 2243 1092 2318 capita,

76 2325 137 2390 duos
156 2323 288 2390 videlicet
307 2334 429 2392 rusticos
449 2333 645 2407 magnanimes
666 2347 701 2390 ae
723 2331 877 2408 superbos,
905 2331 953 2405 qui
980 2345 1093 2405 semper

76 2430 142 2474 nove
161 2416 236 2476 bella
256 2418 442 2493 suscitabant,
464 2420 600 2477 suscitata
615 2418 759 2494 forebant,
780 2417 888 2479 nullam
908 2416 970 2478 fieri
990 2431 1093 2492 pacem

75 2503 263 2574 permittentes.
285 2505 411 2566 ‚Divino
433 2507 518 2582 igitur
538 2511 610 2563 nutu
638 2504 745 2564 laetum
775 2511 832 2579 est,
858 2509 892 2564 ut
918 2505 1004 2564 ambo
1030 2518 1091 2562 uno
1136 2521 1146 2544 0

77 2583 115 2646 die
134 2597 315 2650 morerentur.
357 2591 395 2658 Et
416 2593 483 2667 quia
506 2592 541 2651 de
562 2607 620 2650 une
641 2597 722 2650 erant
741 2591 877 2667 parochia
894 2591 1008 2650 nomine
1028 2589 1092 2650 Nu·
1136 2659 1139 2670 ¹

77 2673 207 2751 eniirgen
228 2678 296 2752 quia
317 2679 359 2738 sic
379 2678 504 2738 Domino
525 2678 648 2755 placuit,
664 2679 724 2754 ‘qui
744 2695 795 2756 per
822 2677 885 2739 illos
914 2677 1093 2738 dissensionis

77 2759 172 2820 malum
193 2761 342 2826 ostendere
370 2765 476 2838 voluit,
504 2768 533 2824 in
561 2781 619 2824 una
646 2765 724 2826 fossa
747 2780 872 2841 corpora
899 2779 999 2823 eorum
1027 2767 1093 2822 suut

76 2847 165 2918 posita.
196 2849 271 2910 Mira
292 2867 338 2910 res
359 2857 388 2910 et
408 2851 543 2912 inaudita
577 2851 692 2913 Cunctis
714 2853 763 2927 qui
784 2850 902 2910 aderant
921 2848 1093 2924 videntibus

77 2946 184 3008 corpora
204 2935 306 2996 eedem
321 2936 404 2998 dorsa
421 2944 567 2997 verterunt
580 2937 618 2996 ed
637 2940 768 3013 invicem,
789 2937 938 3013 capitibus,
959 2935 1094 3010 calcibus,

76 3017 190 3096 ipsisque
211 3022 302 3084 dorsis
322 3029 382 3084 mm
411 3025 570 3101 impetuose
592 3024 804 3100 collidentibus,
832 3028 865 3086 ut
892 3022 1020 3082 caballos
1047 3024 1093 3079 in-

78 3102 187 3169 domitos
206 3115 332 3186 putares.
379 3109 450 3170 Mox
477 3129 566 3170 unum
595 3112 790 3186 extrahentes,
817 3111 952 3169 remotius
979 3111 1009 3166 in
1036 3107 1094 3168 alio

78 3194 214 3267 sepulchro
236 3197 456 3256 tumulaverunt.
497 3197 536 3255 Et
556 3197 632 3257 facta
654 3204 698 3256 est
718 3200 779 3256 rixa
800 3195 955 3256 eorundem
984 3202 1093 3255 mortu-

79 3293 157 3356 orum,
175 3299 263 3343 causa
283 3285 362 3359 pacis
384 3290 413 3342 et
434 3283 603 3343 concordiae
625 3286 764 3344 uvarum.
806 3274 1010 3342 NOVIGIUS:
1031 3281 1094 3341 Pu-

78 3369 103 3422 to
122 3371 227 3430 animas
249 3387 346 3431 eorum
368 3389 502 3447 magnam
523 3371 658 3430 habuisse
678 3373 708 3429 in
731 3370 840 3430 inferno
868 3372 968 3430 rixam
1016 3366 1094 3427 ΜΟ-

78 3447 239 3516 NAOHUS:
260 3457 307 3518 De
321 3457 377 3518 hoc
398 3459 527 3534 quaestio
545 3457 623 3516 nulle
644 3465 696 3520 eet
738 3455 940 3518 NOVIOIUS:
962 3455 994 3516 Si
1013 3454 1094 3514 Deus

79 3537 113 3596 sie
134 3539 290 3620 discordias,
311 3546 395 3620 rixas,
417 3551 446 3604 ct
466 3547 522 3604 iras
543 3547 624 3620 punit
644 3544 904 3620 insaecularibus,
925 3548 995 3619 puto
1017 3537 1094 3615 quod

80 3623 168 3686 cadem
196 3630 443 3710 vitiaplunmum
476 3631 629 3692 abhorreat
663 3634 692 3690 in
724 3633 853 3708 personis
888 3625 1094 3690 clementibus.

79 3705 297 3777 MONACHUS:
319 3717 384 3777 Hoc
406 3735 463 3776 uno
485 3718 536 3776 tibi
558 3717 707 3783 ostendam
729 3716 866 3792 exemplo.

97 3824 125 3890 i]
139 3827 221 3882 ABEP
239 3837 511 3900 exspectantium.
530 3865 560 3876 -
580 3835 612 3903 2)
631 3836 650 3887 B
669 3850 757 3886 voce.
804 3860 806 3868 =
