2524 4252
318 259 372 350 nu
392 289 573 352 aninmo
595 289 891 353 nonuuonum
1039 293 1100 352 err

78 411 227 472 restituere.
268 410 471 472 NOVICIUS:
493 412 602 473 Similia
619 419 648 474 te
669 413 803 473 recordor
824 413 929 473 dixisse
949 414 979 472 lu
1000 413 1102 472 distin-

79 499 166 558 ctioue
198 499 325 559 secunda
361 499 485 576 capitulo
520 502 643 577 septimo
683 499 719 560 de
752 499 839 560 Helia
882 499 918 559 de
951 500 1104 578 Riniugeu.

78 582 303 646 MONAOHUS:
324 585 401 647 Ecce
422 585 505 646 aliud.
521 587 692 662 exemplum.

428 793 661 856 CAPITULUM
681 795 752 855 XV.

136 916 184 975 De
204 897 334 976 Hemico
355 917 443 976 Notio
465 920 517 993 qui
537 923 603 992 post
624 923 748 975 mortem
769 915 869 1002 meltis
890 914 1039 975 stabiliter

514 1006 663 1080 apparuit.

135 1123 171 1184 In
192 1124 361 1186 Treverensi
382 1124 572 1201 Episcopatu,
599 1126 629 1183 in
651 1141 709 1198 quo
732 1131 760 1183 et
781 1124 908 1200 superior
930 1125 1001 1183 visio
1028 1123 1104 1183 iacta

80 1215 132 1286 est,
160 1211 231 1272 alter
251 1212 367 1288 quidam
395 1210 476 1272 miles
505 1216 574 1286 erat,
594 1210 736 1270 Henrieus
757 1213 886 1286 nomine,
915 1217 1103 1288 cognomento

79 1295 182 1357 Nodus.
222 1297 297 1359 Nam
311 1305 339 1360 et
359 1301 421 1374 ipse
442 1297 599 1357 malitiosus
620 1297 705 1357 valde
727 1304 788 1356 erat
801 1295 968 1382 ¹)‚flra'pinas,
989 1296 1103 1357 adulte-

80 1383 125 1458 ria,
145 1387 285 1461 incestus,
304 1388 443 1462 periuria,
464 1385 565 1460 hisque
592 1385 707 1458 similia,
729 1387 848 1443 virtutes
868 1385 1005 1444 iudicans.
1047 1383 1104 1443 Hic

81 1485 141 1530 mm
161 1479 289 1532 mortuus
306 1473 405 1532 fuisset
416 1475 445 1530 in
458 1473 606 1549 provincia
614 1468 635 1551 ²)
657 1470 810 1546 Menevelt,
832 1474 861 1529 in
882 1470 994 1546 pellicio
1017 1473 1103 1530 ovino

81 1573 132 1632 quo
153 1561 193 1618 uti
214 1558 326 1620 solebat
345 1561 443 1634 vivus,
463 1558 560 1617 multis
580 1560 727 1633 apparuit,
749 1557 865 1615 domum
885 1558 961 1616 filiae
982 1560 1106 1617 maxime

80 1642 263 1720 frequentans.
311 1645 376 1705 Non
406 1648 497 1705 crucis
525 1647 621 1722 signo,
653 1660 712 1704 non
741 1643 836 1720 gladio
864 1649 978 1719 poterat
1004 1644 1105 1720 fugari.

83 1727 178 1792 Gladio
199 1749 287 1808 saepe
308 1731 489 1806 caedebatur,
509 1731 631 1791 sednon
648 1737 760 1806 poterat
780 1730 939 1806 vulnerari3
960 1729 1047 1790 talem
1069 1747 1103 1789 ex

81 1832 109 1876 se
129 1835 229 1878 sonum
250 1821 397 1894 emittens,
425 1836 460 1878 sc
481 1821 505 1877 si
526 1818 618 1878 mollis
646 1817 737 1877 lectus
764 1823 965 1894 percuteretur.
1016 1816 1104 1876 Cuius

81 1906 160 1964 amici
179 1923 244 1966 eum
265 1923 351 1982 super
371 1906 426 1965 hoe
449 1903 628 1964 consulerent
649 1904 794 1964 dominum
807 1903 982 1980 Episcopum
995 1903 1104 1964 Treve-

81 2007 185 2050 remem
210 1991 388 2068 Johannern,
416 1991 494 2051 dedit
520 1991 669 2052 eonsilium
697 1996 729 2048 ut
750 2008 826 2067 aqua
847 1991 930 2051 clare
952 1990 1104 2050 Dominioo

81 2079 234 2156 superfusa,
261 2079 364 2140 domus
390 2085 419 2138 et
440 2079 499 2137 filia
519 2095 573 2138 nec
594 2095 652 2138 non
681 2084 710 2137 et
735 2080 796 2153 ipse
818 2080 841 2136 si
862 2077 977 2158 adesset
1004 2093 1104 2152 asper-

82 2171 215 2239 gerentur.
257 2165 343 2242 Quod
363 2182 429 2225 eum
449 2166 556 2225 lactum
580 2165 692 2240 fuisset,
721 2164 756 2225 de
782 2171 877 2225 cetero
897 2181 956 2223 non
985 2180 1104 2240 compa·

80 2253 137 2310 ruit
181 2253 311 2312 Eandem
338 2252 425 2311 filiam
453 2259 591 2328 genuerat
618 2251 653 2311 de
681 2250 785 2311 ancilla
813 2269 879 2326 sua,
915 2268 981 2310 cum
1007 2256 1104 2309 tamen

80 2335 190 2398 haberet
209 2338 379 2417 legitimam
409 2357 496 2414 quam
518 2356 583 2398 cum
603 2338 703 2398 luisset
723 2337 836 2412 adulta,
864 2340 951 2397 miser
972 2339 1104 2412 eorrupit.

81 2421 140 2483 Non
154 2432 196 2484 est
217 2425 264 2485 diu
278 2442 313 2486 ex
335 2442 390 2502 quo
408 2428 464 2485 ista
485 2427 672 2501 contigemnt
714 2422 917 2484 NOVICIUS:
939 2423 1015 2501 Quid
1036 2441 1105 2483 sen·

82 2509 202 2570 tiendum
217 2520 260 2573 est
272 2512 363 2574 dehis
385 2515 433 2588 qui
454 2515 483 2570 in
504 2510 586 2572 bellis
608 2514 668 2572 sive
677 2507 698 2591 ³)
719 2514 904 2572 tornamentis
926 2508 1104 2578 moriuntur?

12 2591 13 2598 '
83 2595 305 2660 MONAOHUS:
334 2598 366 2659 Si
385 2602 462 2658 iusta
483 2605 549 2658 sunt
577 2599 668 2673 bella,
696 2603 729 2656 ut
757 2606 801 2658 cst
829 2597 953 2658 defensio
982 2599 1103 2673 patriae,

82 2683 203 2745 nihileis
224 2688 316 2746 oberit
337 2688 386 2762 qui
408 2685 584 2746 defendendo
606 2703 637 2744 se
663 2687 829 2745 moriuntur.
877 2684 1023 2761 Quantum
1049 2701 1104 2743 au-

83 2777 136 2830 oen
157 2771 328 2834 delectentur
349 2773 503 2832 daemones
524 2775 553 2832 in
574 2772 713 2831 mortibus
733 2771 846 2831 illorum
868 2773 917 2847 qui
937 2773 1103 2830 innoeentes

83 2857 220 2936 impetunt,
241 2861 418 2938 subsequens
440 2859 566 2921 declarat
587 2858 758 2936 exemplum.

419 3068 651 3131 CAPITULUM
671 3069 756 3129 XVI.

209 3191 256 3250 Dc
278 3198 464 3252 imitamento
486 3161 648 3251 occisorem
669 3194 757 3251 tecto
778 3188 965 3250 Montenalrc.

139 3325 270 3406 Sequenti
290 3338 375 3392 nocte
397 3330 510 3408 quando
538 3333 678 3390 exereitus
699 3330 793 3390 Ducis
808 3329 957 3390 Lovauiae
986 3329 1103 3390 aLeo-

83 3409 216 3477 diensibus
238 3420 350 3480 occisus
372 3425 431 3496 est,
459 3435 559 3478 servus
589 3415 705 3492 quidam
729 3417 846 3477 Comitis
867 3417 1004 3478 Loseusis
1024 3418 1104 3474 iuxta

81 3495 258 3582 Montcnelre,
285 3504 380 3566 locum
408 3505 515 3566 seilicet
543 3506 691 3564 occisionis
720 3506 873 3580 transiens,
909 3507 984 3564 eirca
1011 3502 1102 3560 noctis

81 3588 253 3669 principium,
278 3595 433 3653 maximum
462 3592 503 3651 ibi
530 3590 601 3650 vidit
636 3596 844 3651 tomamentum
880 3590 1102 3650 daemoniomur.

81 3669 172 3752 Neque
183 3679 334 3740 immrmdis
355 3679 500 3757 spiritibus
514 3675 634 3738 aestimo
652 3684 761 3737 tantam
782 3677 868 3737 luisse
890 3675 1103 3750 exultationem,

97 3858 124 3927 l)
138 3873 205 3918 eret
222 3865 271 3918 cdd
287 3865 318 3921 E.
333 3895 363 3908 -
376 3865 408 3936 2)
426 3864 445 3918 E
463 3866 495 3918 iu
512 3862 593 3918 villa
611 3863 792 3930 provincie.
806 3889 837 3901 -
851 3857 956 3925 SJBGE
974 3859 1046 3910 rire
1064 3859 1101 3912 in.
