<?xml version="1.0" encoding="UTF-8"?>
<!DOCTYPE html PUBLIC "-//W3C//DTD XHTML 1.0 Transitional//EN"
    "http://www.w3.org/TR/xhtml1/DTD/xhtml1-transitional.dtd">
<html xmlns="http://www.w3.org/1999/xhtml" xml:lang="en" lang="en">
 <head>
  <title>
</title>
<meta http-equiv="Content-Type" content="text/html;charset=utf-8" />
  <meta name='ocr-system' content='tesseract 3.04.00' />
  <meta name='ocr-capabilities' content='ocr_page ocr_carea ocr_par ocr_line ocrx_word'/>
</head>
<body>
  <div class='ocr_page' id='page_1' title='image "./caesariiheister02stragoog_0073.png"; bbox 0 0 2608 4252; ppageno 0'>
   <div class='ocr_carea' id='block_1_1' title="bbox 493 229 914 294">
    <p class='ocr_par' dir='ltr' id='par_1_1' title="bbox 493 229 914 294">
     <span class='ocr_line' id='line_1_1' title="bbox 493 229 914 294; baseline 0.005 -4"><span class='ocrx_word' id='word_1_1' title='bbox 493 229 719 294; x_wconf 80' lang='lat' dir='ltr'>DISTINO&#39;IIO</span> <span class='ocrx_word' id='word_1_2' title='bbox 742 231 914 294; x_wconf 84' lang='lat' dir='ltr'><strong>SEPTIMA</strong></span> 
     </span>
    </p>
   </div>
   <div class='ocr_carea' id='block_1_2' title="bbox 238 423 1175 628">
    <p class='ocr_par' dir='ltr' id='par_1_2' title="bbox 238 423 1175 628">
     <span class='ocr_line' id='line_1_2' title="bbox 524 423 1004 484; baseline -0.004 0"><span class='ocrx_word' id='word_1_3' title='bbox 524 423 756 484; x_wconf 86' lang='lat' dir='ltr'>CAPITULUM</span> <span class='ocrx_word' id='word_1_4' title='bbox 780 423 891 483; x_wconf 92' lang='lat' dir='ltr'>XLIII.</span> <span class='ocrx_word' id='word_1_5' title='bbox 1000 430 1004 440; x_wconf 92' lang='lat'>&#39;</span> 
     </span>
     <span class='ocr_line' id='line_1_3' title="bbox 238 543 1175 628; baseline -0.002 -25"><span class='ocrx_word' id='word_1_6' title='bbox 238 545 285 603; x_wconf 86' lang='lat' dir='ltr'>Dc</span> <span class='ocrx_word' id='word_1_7' title='bbox 312 562 411 620; x_wconf 84' lang='lat' dir='ltr'>poeno</span> <span class='ocrx_word' id='word_1_8' title='bbox 433 547 548 618; x_wconf 69' lang='lat' dir='ltr'>luamus,</span> <span class='ocrx_word' id='word_1_9' title='bbox 570 548 623 621; x_wconf 81' lang='lat' dir='ltr'>qui</span> <span class='ocrx_word' id='word_1_10' title='bbox 643 545 856 628; x_wconf 80' lang='lat' dir='ltr'>blqspbemaoit</span> <span class='ocrx_word' id='word_1_11' title='bbox 875 551 1011 604; x_wconf 70' lang='lat' dir='ltr'>sanusne</span> <span class='ocrx_word' id='word_1_12' title='bbox 1032 543 1175 603; x_wconf 84' lang='lat' dir='ltr'>Marium.</span> 
     </span>
    </p>
   </div>
   <div class='ocr_carea' id='block_1_3' title="bbox 186 681 1225 1804">
    <p class='ocr_par' dir='ltr' id='par_1_3' title="bbox 186 681 1225 1804">
     <span class='ocr_line' id='line_1_4' title="bbox 252 681 1222 762; baseline -0.003 -20"><span class='ocrx_word' id='word_1_13' title='bbox 252 683 370 762; x_wconf 82' lang='lat' dir='ltr'>Legitur</span> <span class='ocrx_word' id='word_1_14' title='bbox 391 687 420 743; x_wconf 91' lang='lat' dir='ltr'>in</span> <span class='ocrx_word' id='word_1_15' title='bbox 441 683 732 753; x_wconf 76' lang='lat' dir='ltr'>libroMiraculorum</span> <span class='ocrx_word' id='word_1_16' title='bbox 748 683 931 744; x_wconf 76' lang='lat' dir='ltr'>claraevallis</span> <span class='ocrx_word' id='word_1_17' title='bbox 953 683 989 744; x_wconf 92' lang='lat' dir='ltr'>de</span> <span class='ocrx_word' id='word_1_18' title='bbox 1010 682 1129 742; x_wconf 90' lang='lat' dir='ltr'>duobus</span> <span class='ocrx_word' id='word_1_19' title='bbox 1149 681 1222 740; x_wconf 89' lang='lat' dir='ltr'>luso-</span> 
     </span>
     <span class='ocr_line' id='line_1_5' title="bbox 186 768 1222 846; baseline -0.004 -17"><span class='ocrx_word' id='word_1_20' title='bbox 186 771 266 830; x_wconf 81' lang='lat' dir='ltr'>ribus</span> <span class='ocrx_word' id='word_1_21' title='bbox 280 771 404 831; x_wconf 84' lang='lat' dir='ltr'>terribile</span> <span class='ocrx_word' id='word_1_22' title='bbox 425 770 503 846; x_wconf 88' lang='lat' dir='ltr'>quid.</span> <span class='ocrx_word' id='word_1_23' title='bbox 547 770 620 829; x_wconf 85' lang='lat' dir='ltr'>Cum</span> <span class='ocrx_word' id='word_1_24' title='bbox 642 773 691 830; x_wconf 93' lang='lat' dir='ltr'>uni</span> <span class='ocrx_word' id='word_1_25' title='bbox 712 771 787 830; x_wconf 89' lang='lat' dir='ltr'>male</span> <span class='ocrx_word' id='word_1_26' title='bbox 804 770 979 845; x_wconf 69' lang='lat' dir='ltr'>succederet,</span> <span class='ocrx_word' id='word_1_27' title='bbox 1000 770 1135 830; x_wconf 81' lang='lat' dir='ltr'>fortunae</span> <span class='ocrx_word' id='word_1_28' title='bbox 1156 768 1222 827; x_wconf 91' lang='lat' dir='ltr'>alte-</span> 
     </span>
     <span class='ocr_line' id='line_1_6' title="bbox 188 857 1223 932; baseline -0.004 -16"><span class='ocrx_word' id='word_1_29' title='bbox 188 860 246 917; x_wconf 86' lang='lat' dir='ltr'>n‘us</span> <span class='ocrx_word' id='word_1_30' title='bbox 267 858 412 931; x_wconf 88' lang='lat' dir='ltr'>invidens,</span> <span class='ocrx_word' id='word_1_31' title='bbox 440 864 473 916; x_wconf 87' lang='lat' dir='ltr'>nt</span> <span class='ocrx_word' id='word_1_32' title='bbox 500 857 586 916; x_wconf 85' lang='lat' dir='ltr'>furori</span> <span class='ocrx_word' id='word_1_33' title='bbox 615 875 666 917; x_wconf 90' lang='lat' dir='ltr'>suo</span> <span class='ocrx_word' id='word_1_34' title='bbox 698 858 889 932; x_wconf 85' lang='lat' dir='ltr'>satisfaceret,</span> <span class='ocrx_word' id='word_1_35' title='bbox 916 859 946 916; x_wconf 93' lang='lat' dir='ltr'>in</span> <span class='ocrx_word' id='word_1_36' title='bbox 966 857 1066 917; x_wconf 90' lang='lat' dir='ltr'>Deum</span> <span class='ocrx_word' id='word_1_37' title='bbox 1098 871 1223 916; x_wconf 84' lang='lat' dir='ltr'>evomere</span> 
     </span>
     <span class='ocr_line' id='line_1_7' title="bbox 188 943 1223 1021; baseline -0.006 -17"><span class='ocrx_word' id='word_1_38' title='bbox 188 947 283 1021; x_wconf 90' lang='lat' dir='ltr'>coepit</span> <span class='ocrx_word' id='word_1_39' title='bbox 306 946 395 1004; x_wconf 89' lang='lat' dir='ltr'>verba</span> <span class='ocrx_word' id='word_1_40' title='bbox 408 945 622 1004; x_wconf 88' lang='lat' dir='ltr'>contumeliosa.</span> <span class='ocrx_word' id='word_1_41' title='bbox 655 945 750 1021; x_wconf 83' lang='lat' dir='ltr'>Quem</span> <span class='ocrx_word' id='word_1_42' title='bbox 763 947 858 1004; x_wconf 87' lang='lat' dir='ltr'>socius</span> <span class='ocrx_word' id='word_1_43' title='bbox 872 943 973 1005; x_wconf 90' lang='lat' dir='ltr'>codem</span> <span class='ocrx_word' id='word_1_44' title='bbox 986 943 1117 1020; x_wconf 83' lang='lat' dir='ltr'>maligno</span> <span class='ocrx_word' id='word_1_45' title='bbox 1132 943 1223 1018; x_wconf 75' lang='lat' dir='ltr'>spititu</span> 
     </span>
     <span class='ocr_line' id='line_1_8' title="bbox 188 1029 1224 1106; baseline -0.005 -16"><span class='ocrx_word' id='word_1_46' title='bbox 188 1032 302 1090; x_wconf 87' lang='lat' dir='ltr'>afflatus</span> <span class='ocrx_word' id='word_1_47' title='bbox 332 1047 531 1106; x_wconf 89' lang='lat' dir='ltr'>compescens,</span> <span class='ocrx_word' id='word_1_48' title='bbox 568 1032 624 1090; x_wconf 87' lang='lat' dir='ltr'>ait:</span> <span class='ocrx_word' id='word_1_49' title='bbox 662 1031 736 1106; x_wconf 85' lang='lat' dir='ltr'>Sile,</span> <span class='ocrx_word' id='word_1_50' title='bbox 764 1039 797 1090; x_wconf 90' lang='lat' dir='ltr'>tu</span> <span class='ocrx_word' id='word_1_51' title='bbox 825 1034 902 1090; x_wconf 89' lang='lat' dir='ltr'>enim</span> <span class='ocrx_word' id='word_1_52' title='bbox 928 1033 1021 1090; x_wconf 90' lang='lat' dir='ltr'>nescis</span> <span class='ocrx_word' id='word_1_53' title='bbox 1050 1029 1224 1090; x_wconf 86' lang='lat' dir='ltr'>maledicere.</span> 
     </span>
     <span class='ocr_line' id='line_1_9' title="bbox 188 1117 1224 1194; baseline -0.004 -17"><span class='ocrx_word' id='word_1_54' title='bbox 188 1117 348 1193; x_wconf 85' lang='lat' dir='ltr'>Statimque</span> <span class='ocrx_word' id='word_1_55' title='bbox 369 1117 466 1177; x_wconf 93' lang='lat' dir='ltr'>Deum</span> <span class='ocrx_word' id='word_1_56' title='bbox 494 1119 614 1178; x_wconf 90' lang='lat' dir='ltr'>nimium</span> <span class='ocrx_word' id='word_1_57' title='bbox 635 1117 855 1194; x_wconf 89' lang='lat' dir='ltr'>blasphemans,</span> <span class='ocrx_word' id='word_1_58' title='bbox 887 1136 952 1178; x_wconf 88' lang='lat' dir='ltr'>curn</span> <span class='ocrx_word' id='word_1_59' title='bbox 980 1119 1010 1175; x_wconf 89' lang='lat' dir='ltr'>in</span> <span class='ocrx_word' id='word_1_60' title='bbox 1039 1118 1142 1176; x_wconf 89' lang='lat' dir='ltr'>matris</span> <span class='ocrx_word' id='word_1_61' title='bbox 1171 1117 1224 1176; x_wconf 83' lang='lat' dir='ltr'>elus</span> 
     </span>
     <span class='ocr_line' id='line_1_10' title="bbox 187 1203 1224 1282; baseline -0.002 -20"><span class='ocrx_word' id='word_1_62' title='bbox 187 1207 317 1264; x_wconf 89' lang='lat' dir='ltr'>iniuriam</span> <span class='ocrx_word' id='word_1_63' title='bbox 346 1211 519 1282; x_wconf 59' lang='lat' dir='ltr'>erumperem</span> <span class='ocrx_word' id='word_1_64' title='bbox 550 1223 608 1264; x_wconf 88' lang='lat' dir='ltr'>vox</span> <span class='ocrx_word' id='word_1_65' title='bbox 629 1205 751 1281; x_wconf 84' lang='lat' dir='ltr'>desuper</span> <span class='ocrx_word' id='word_1_66' title='bbox 772 1205 871 1264; x_wconf 87' lang='lat' dir='ltr'>audita</span> <span class='ocrx_word' id='word_1_67' title='bbox 891 1211 950 1264; x_wconf 90' lang='lat' dir='ltr'>est:</span> <span class='ocrx_word' id='word_1_68' title='bbox 978 1203 1080 1264; x_wconf 88' lang='lat' dir='ltr'>Meam</span> <span class='ocrx_word' id='word_1_69' title='bbox 1102 1204 1224 1262; x_wconf 87' lang='lat' dir='ltr'>iniuriam</span> 
     </span>
     <span class='ocr_line' id='line_1_11' title="bbox 188 1287 1224 1368; baseline -0.002 -18"><span class='ocrx_word' id='word_1_70' title='bbox 188 1308 359 1368; x_wconf 91' lang='lat' dir='ltr'>quocunque</span> <span class='ocrx_word' id='word_1_71' title='bbox 391 1292 477 1351; x_wconf 92' lang='lat' dir='ltr'>modo</span> <span class='ocrx_word' id='word_1_72' title='bbox 505 1295 646 1368; x_wconf 85' lang='lat' dir='ltr'>sustinui,</span> <span class='ocrx_word' id='word_1_73' title='bbox 678 1294 775 1352; x_wconf 72' lang='lat' dir='ltr'>matus</span> <span class='ocrx_word' id='word_1_74' title='bbox 804 1299 902 1352; x_wconf 89' lang='lat' dir='ltr'>autem</span> <span class='ocrx_word' id='word_1_75' title='bbox 929 1308 1011 1352; x_wconf 89' lang='lat' dir='ltr'>meae</span> <span class='ocrx_word' id='word_1_76' title='bbox 1041 1287 1224 1352; x_wconf 87' lang='lat' dir='ltr'>contumelias</span> 
     </span>
     <span class='ocr_line' id='line_1_12' title="bbox 188 1376 1225 1455; baseline -0.004 -17"><span class='ocrx_word' id='word_1_77' title='bbox 188 1395 372 1455; x_wconf 88' lang='lat' dir='ltr'>nequaquam</span> <span class='ocrx_word' id='word_1_78' title='bbox 399 1384 499 1455; x_wconf 90' lang='lat' dir='ltr'>potero</span> <span class='ocrx_word' id='word_1_79' title='bbox 529 1378 659 1439; x_wconf 86' lang='lat' dir='ltr'>tolerare.</span> <span class='ocrx_word' id='word_1_80' title='bbox 708 1379 835 1454; x_wconf 85' lang='lat' dir='ltr'>Moxque</span> <span class='ocrx_word' id='word_1_81' title='bbox 864 1396 950 1455; x_wconf 89' lang='lat' dir='ltr'>super</span> <span class='ocrx_word' id='word_1_82' title='bbox 976 1379 1072 1454; x_wconf 87' lang='lat' dir='ltr'>ipsam</span> <span class='ocrx_word' id='word_1_83' title='bbox 1102 1376 1225 1438; x_wconf 88' lang='lat' dir='ltr'>tabulam</span> 
     </span>
     <span class='ocr_line' id='line_1_13' title="bbox 188 1461 1225 1542; baseline -0.008 -16"><span class='ocrx_word' id='word_1_84' title='bbox 188 1465 306 1526; x_wconf 88' lang='lat' dir='ltr'>vulnere</span> <span class='ocrx_word' id='word_1_85' title='bbox 326 1465 431 1526; x_wconf 89' lang='lat' dir='ltr'>visibili</span> <span class='ocrx_word' id='word_1_86' title='bbox 452 1467 627 1526; x_wconf 87' lang='lat' dir='ltr'>invisibiliter</span> <span class='ocrx_word' id='word_1_87' title='bbox 648 1483 810 1542; x_wconf 89' lang='lat' dir='ltr'>percussus,</span> <span class='ocrx_word' id='word_1_88' title='bbox 831 1461 968 1541; x_wconf 85' lang='lat' dir='ltr'>spumans</span> <span class='ocrx_word' id='word_1_89' title='bbox 993 1466 1159 1542; x_wconf 84' lang='lat' dir='ltr'>exspiravit</span> <span class='ocrx_word' id='word_1_90' title='bbox 1192 1461 1225 1520; x_wconf 84' lang='lat' dir='ltr'>Et</span> 
     </span>
     <span class='ocr_line' id='line_1_14' title="bbox 189 1549 1223 1629; baseline -0.006 -16"><span class='ocrx_word' id='word_1_91' title='bbox 189 1553 259 1629; x_wconf 91' lang='lat' dir='ltr'>quid</span> <span class='ocrx_word' id='word_1_92' title='bbox 280 1551 373 1613; x_wconf 90' lang='lat' dir='ltr'>dicam</span> <span class='ocrx_word' id='word_1_93' title='bbox 395 1553 431 1614; x_wconf 90' lang='lat' dir='ltr'>dc</span> <span class='ocrx_word' id='word_1_94' title='bbox 459 1554 556 1613; x_wconf 87' lang='lat' dir='ltr'>verbis</span> <span class='ocrx_word' id='word_1_95' title='bbox 578 1553 807 1628; x_wconf 89' lang='lat' dir='ltr'>contumeliosis,</span> <span class='ocrx_word' id='word_1_96' title='bbox 837 1570 902 1612; x_wconf 90' lang='lat' dir='ltr'>cum</span> <span class='ocrx_word' id='word_1_97' title='bbox 930 1553 1015 1612; x_wconf 88' lang='lat' dir='ltr'>ctiam</span> <span class='ocrx_word' id='word_1_98' title='bbox 1037 1549 1223 1627; x_wconf 86' lang='lat' dir='ltr'>stultiloquia,</span> 
     </span>
     <span class='ocr_line' id='line_1_15' title="bbox 188 1637 1224 1716; baseline -0.006 -16"><span class='ocrx_word' id='word_1_99' title='bbox 188 1642 249 1700; x_wconf 87' lang='lat' dir='ltr'>sine</span> <span class='ocrx_word' id='word_1_100' title='bbox 284 1640 349 1700; x_wconf 85' lang='lat' dir='ltr'>felle</span> <span class='ocrx_word' id='word_1_101' title='bbox 383 1641 509 1700; x_wconf 87' lang='lat' dir='ltr'>malitiae</span> <span class='ocrx_word' id='word_1_102' title='bbox 538 1649 637 1700; x_wconf 90' lang='lat' dir='ltr'>contra</span> <span class='ocrx_word' id='word_1_103' title='bbox 665 1647 782 1700; x_wconf 86' lang='lat' dir='ltr'>sanotae</span> <span class='ocrx_word' id='word_1_104' title='bbox 810 1639 866 1699; x_wconf 90' lang='lat' dir='ltr'>Dei</span> <span class='ocrx_word' id='word_1_105' title='bbox 894 1637 1046 1700; x_wconf 83' lang='lat' dir='ltr'>Genitricis</span> <span class='ocrx_word' id='word_1_106' title='bbox 1075 1640 1224 1716; x_wconf 83' lang='lat' dir='ltr'>imaginem</span> 
     </span>
     <span class='ocr_line' id='line_1_16' title="bbox 188 1725 1028 1804; baseline -0.004 -19"><span class='ocrx_word' id='word_1_107' title='bbox 188 1727 308 1804; x_wconf 87' lang='lat' dir='ltr'>prolata,</span> <span class='ocrx_word' id='word_1_108' title='bbox 329 1730 458 1787; x_wconf 88' lang='lat' dir='ltr'>noverim</span> <span class='ocrx_word' id='word_1_109' title='bbox 480 1729 508 1785; x_wconf 92' lang='lat' dir='ltr'>in</span> <span class='ocrx_word' id='word_1_110' title='bbox 529 1731 673 1802; x_wconf 85' lang='lat' dir='ltr'>praesenti</span> <span class='ocrx_word' id='word_1_111' title='bbox 694 1730 796 1787; x_wconf 88' lang='lat' dir='ltr'>acriter</span> <span class='ocrx_word' id='word_1_112' title='bbox 816 1727 886 1786; x_wconf 90' lang='lat' dir='ltr'>satis</span> <span class='ocrx_word' id='word_1_113' title='bbox 907 1725 1028 1802; x_wconf 80' lang='lat' dir='ltr'>punita?</span> 
     </span>
    </p>
   </div>
   <div class='ocr_carea' id='block_1_4' title="bbox 523 1917 885 1979">
    <p class='ocr_par' dir='ltr' id='par_1_4' title="bbox 523 1917 885 1979">
     <span class='ocr_line' id='line_1_17' title="bbox 523 1917 885 1979; baseline -0.003 -3"><span class='ocrx_word' id='word_1_114' title='bbox 523 1917 755 1979; x_wconf 82' lang='lat' dir='ltr'>CAPITULUM</span> <span class='ocrx_word' id='word_1_115' title='bbox 775 1917 885 1978; x_wconf 86' lang='lat' dir='ltr'>XLIV.</span> 
     </span>
    </p>
   </div>
   <div class='ocr_carea' id='block_1_5' title="bbox 207 2039 1201 2202">
    <p class='ocr_par' dir='ltr' id='par_1_5' title="bbox 207 2039 1201 2202">
     <span class='ocr_line' id='line_1_18' title="bbox 207 2039 1201 2116; baseline -0.003 -17"><span class='ocrx_word' id='word_1_116' title='bbox 207 2039 282 2099; x_wconf 87' lang='lat' dir='ltr'>Itern</span> <span class='ocrx_word' id='word_1_117' title='bbox 304 2041 340 2098; x_wconf 82' lang='lat' dir='ltr'>de</span> <span class='ocrx_word' id='word_1_118' title='bbox 359 2057 457 2116; x_wconf 83' lang='lat' dir='ltr'>poeno</span> <span class='ocrx_word' id='word_1_119' title='bbox 478 2040 633 2098; x_wconf 82' lang='lat' dir='ltr'>cuiusdam</span> <span class='ocrx_word' id='word_1_120' title='bbox 656 2047 813 2099; x_wconf 82' lang='lat' dir='ltr'>matronae</span> <span class='ocrx_word' id='word_1_121' title='bbox 835 2041 870 2098; x_wconf 86' lang='lat' dir='ltr'>dc</span> <span class='ocrx_word' id='word_1_122' title='bbox 894 2041 1043 2114; x_wconf 81' lang='lat' dir='ltr'>Veldenze,</span> <span class='ocrx_word' id='word_1_123' title='bbox 1065 2059 1147 2116; x_wconf 82' lang='lat' dir='ltr'>quoe</span> <span class='ocrx_word' id='word_1_124' title='bbox 1169 2039 1201 2096; x_wconf 76' lang='lat' dir='ltr'>de</span> 
     </span>
     <span class='ocr_line' id='line_1_19' title="bbox 339 2127 1066 2202; baseline 0 -18"><span class='ocrx_word' id='word_1_125' title='bbox 339 2129 470 2202; x_wconf 80' lang='lat' dir='ltr'>imopa&#39;nc</span> <span class='ocrx_word' id='word_1_126' title='bbox 490 2134 611 2186; x_wconf 82' lang='lat' dir='ltr'>sanctae</span> <span class='ocrx_word' id='word_1_127' title='bbox 632 2127 751 2186; x_wconf 73' lang='lat' dir='ltr'>Martae</span> <span class='ocrx_word' id='word_1_128' title='bbox 772 2128 860 2186; x_wconf 82' lang='lat' dir='ltr'>stulte</span> <span class='ocrx_word' id='word_1_129' title='bbox 882 2127 1066 2202; x_wconf 82' lang='lat' dir='ltr'>loquebator.</span> 
     </span>
    </p>
   </div>
   <div class='ocr_carea' id='block_1_6' title="bbox 184 2253 1220 3560">
    <p class='ocr_par' dir='ltr' id='par_1_6' title="bbox 184 2253 1220 3474">
     <span class='ocr_line' id='line_1_20' title="bbox 250 2253 1220 2345; baseline -0.008 -17"><span class='ocrx_word' id='word_1_130' title='bbox 250 2266 284 2328; x_wconf 92' lang='lat' dir='ltr'>In</span> <span class='ocrx_word' id='word_1_131' title='bbox 317 2263 428 2340; x_wconf 85' lang='lat' dir='ltr'>capella</span> <span class='ocrx_word' id='word_1_132' title='bbox 457 2267 542 2324; x_wconf 89' lang='lat' dir='ltr'>castri</span> <span class='ocrx_word' id='word_1_133' title='bbox 563 2253 709 2325; x_wconf 86' lang='lat' dir='ltr'>Veldenze</span> <span class='ocrx_word' id='word_1_134' title='bbox 725 2262 741 2345; x_wconf 85' lang='lat'>¹)</span> <span class='ocrx_word' id='word_1_135' title='bbox 772 2265 922 2342; x_wconf 84' lang='lat' dir='ltr'>quaedam</span> <span class='ocrx_word' id='word_1_136' title='bbox 942 2274 1026 2326; x_wconf 89' lang='lat' dir='ltr'>vetus</span> <span class='ocrx_word' id='word_1_137' title='bbox 1053 2267 1153 2343; x_wconf 87' lang='lat' dir='ltr'>imago</span> <span class='ocrx_word' id='word_1_138' title='bbox 1182 2269 1220 2324; x_wconf 90' lang='lat' dir='ltr'>cst</span> 
     </span>
     <span class='ocr_line' id='line_1_21' title="bbox 185 2352 1218 2430; baseline -0.004 -18"><span class='ocrx_word' id='word_1_139' title='bbox 185 2353 288 2412; x_wconf 90' lang='lat' dir='ltr'>beatae</span> <span class='ocrx_word' id='word_1_140' title='bbox 309 2352 448 2428; x_wconf 83' lang='lat' dir='ltr'>Virginis,</span> <span class='ocrx_word' id='word_1_141' title='bbox 468 2354 498 2410; x_wconf 91' lang='lat' dir='ltr'>in</span> <span class='ocrx_word' id='word_1_142' title='bbox 520 2355 583 2412; x_wconf 87' lang='lat' dir='ltr'>sinu</span> <span class='ocrx_word' id='word_1_143' title='bbox 605 2360 704 2414; x_wconf 90' lang='lat' dir='ltr'>tenens</span> <span class='ocrx_word' id='word_1_144' title='bbox 725 2352 828 2428; x_wconf 89' lang='lat' dir='ltr'>filium,</span> <span class='ocrx_word' id='word_1_145' title='bbox 861 2370 918 2413; x_wconf 92' lang='lat' dir='ltr'>non</span> <span class='ocrx_word' id='word_1_146' title='bbox 941 2353 1057 2429; x_wconf 90' lang='lat' dir='ltr'>quidem</span> <span class='ocrx_word' id='word_1_147' title='bbox 1075 2371 1130 2430; x_wconf 88' lang='lat' dir='ltr'>per</span> <span class='ocrx_word' id='word_1_148' title='bbox 1152 2367 1218 2427; x_wconf 91' lang='lat' dir='ltr'>opus</span> 
     </span>
     <span class='ocr_line' id='line_1_22' title="bbox 184 2437 1219 2518; baseline -0.006 -18"><span class='ocrx_word' id='word_1_149' title='bbox 184 2441 259 2500; x_wconf 89' lang='lat' dir='ltr'>benc</span> <span class='ocrx_word' id='word_1_150' title='bbox 286 2439 423 2514; x_wconf 87' lang='lat' dir='ltr'>formata,</span> <span class='ocrx_word' id='word_1_151' title='bbox 452 2437 503 2498; x_wconf 86' lang='lat' dir='ltr'>scd</span> <span class='ocrx_word' id='word_1_152' title='bbox 531 2439 622 2498; x_wconf 87' lang='lat' dir='ltr'>multa</span> <span class='ocrx_word' id='word_1_153' title='bbox 650 2442 754 2500; x_wconf 85' lang='lat' dir='ltr'>virtute</span> <span class='ocrx_word' id='word_1_154' title='bbox 777 2439 883 2500; x_wconf 86' lang='lat' dir='ltr'>dotata.</span> <span class='ocrx_word' id='word_1_155' title='bbox 925 2439 1059 2500; x_wconf 87' lang='lat' dir='ltr'>Matrona</span> <span class='ocrx_word' id='word_1_156' title='bbox 1081 2438 1219 2518; x_wconf 88' lang='lat' dir='ltr'>quaedam</span> 
     </span>
     <span class='ocr_line' id='line_1_23' title="bbox 186 2523 1219 2606; baseline -0.005 -19"><span class='ocrx_word' id='word_1_157' title='bbox 186 2525 314 2587; x_wconf 90' lang='lat' dir='ltr'>eiusdem</span> <span class='ocrx_word' id='word_1_158' title='bbox 343 2530 442 2600; x_wconf 88' lang='lat' dir='ltr'>castri,</span> <span class='ocrx_word' id='word_1_159' title='bbox 471 2526 549 2601; x_wconf 90' lang='lat' dir='ltr'>quod</span> <span class='ocrx_word' id='word_1_160' title='bbox 578 2529 664 2586; x_wconf 87' lang='lat' dir='ltr'>situm</span> <span class='ocrx_word' id='word_1_161' title='bbox 694 2529 786 2586; x_wconf 90' lang='lat' dir='ltr'>estin</span> <span class='ocrx_word' id='word_1_162' title='bbox 808 2527 942 2587; x_wconf 90' lang='lat' dir='ltr'>Dioeccsi</span> <span class='ocrx_word' id='word_1_163' title='bbox 964 2528 1150 2606; x_wconf 76' lang='lat' dir='ltr'>Treverensi,</span> <span class='ocrx_word' id='word_1_164' title='bbox 1178 2523 1219 2584; x_wconf 91' lang='lat' dir='ltr'>die</span> 
     </span>
     <span class='ocr_line' id='line_1_24' title="bbox 186 2610 1218 2690; baseline -0.002 -18"><span class='ocrx_word' id='word_1_165' title='bbox 186 2612 311 2690; x_wconf 84' lang='lat' dir='ltr'>quadam</span> <span class='ocrx_word' id='word_1_166' title='bbox 332 2613 361 2670; x_wconf 88' lang='lat' dir='ltr'>in</span> <span class='ocrx_word' id='word_1_167' title='bbox 376 2611 486 2688; x_wconf 89' lang='lat' dir='ltr'>capella</span> <span class='ocrx_word' id='word_1_168' title='bbox 507 2619 594 2686; x_wconf 87' lang='lat' dir='ltr'>stans,</span> <span class='ocrx_word' id='word_1_169' title='bbox 615 2616 762 2689; x_wconf 89' lang='lat' dir='ltr'>ipsamque</span> <span class='ocrx_word' id='word_1_170' title='bbox 777 2631 900 2690; x_wconf 88' lang='lat' dir='ltr'>yconam</span> <span class='ocrx_word' id='word_1_171' title='bbox 913 2615 1075 2690; x_wconf 87' lang='lat' dir='ltr'>respiciens,</span> <span class='ocrx_word' id='word_1_172' title='bbox 1097 2621 1126 2680; x_wconf 87' lang='lat' dir='ltr'>et</span> <span class='ocrx_word' id='word_1_173' title='bbox 1145 2610 1218 2673; x_wconf 89' lang='lat' dir='ltr'>soul-</span> 
     </span>
     <span class='ocr_line' id='line_1_25' title="bbox 186 2694 1218 2778; baseline -0.001 -17"><span class='ocrx_word' id='word_1_174' title='bbox 186 2708 287 2776; x_wconf 86' lang='lat' dir='ltr'>pturae</span> <span class='ocrx_word' id='word_1_175' title='bbox 301 2699 461 2778; x_wconf 81' lang='lat' dir='ltr'>indIgnans,</span> <span class='ocrx_word' id='word_1_176' title='bbox 483 2702 538 2759; x_wconf 80' lang='lat' dir='ltr'>alt:</span> <span class='ocrx_word' id='word_1_177' title='bbox 559 2699 600 2763; x_wconf 88' lang='lat' dir='ltr'>Ut</span> <span class='ocrx_word' id='word_1_178' title='bbox 619 2699 688 2775; x_wconf 91' lang='lat' dir='ltr'>quid</span> <span class='ocrx_word' id='word_1_179' title='bbox 708 2701 755 2760; x_wconf 89' lang='lat' dir='ltr'>hic</span> <span class='ocrx_word' id='word_1_180' title='bbox 778 2707 835 2760; x_wconf 89' lang='lat' dir='ltr'>stat</span> <span class='ocrx_word' id='word_1_181' title='bbox 856 2709 939 2761; x_wconf 87' lang='lat' dir='ltr'>vetus</span> <span class='ocrx_word' id='word_1_182' title='bbox 953 2701 1025 2762; x_wconf 89' lang='lat' dir='ltr'>haec</span> <span class='ocrx_word' id='word_1_183' title='bbox 1038 2694 1218 2777; x_wconf 82' lang='lat' dir='ltr'>mmbnla²)‘?</span> 
     </span>
     <span class='ocr_line' id='line_1_26' title="bbox 186 2785 1218 2865; baseline -0.002 -17"><span class='ocrx_word' id='word_1_184' title='bbox 186 2789 279 2848; x_wconf 88' lang='lat' dir='ltr'>Beata</span> <span class='ocrx_word' id='word_1_185' title='bbox 299 2806 367 2848; x_wconf 88' lang='lat' dir='ltr'>vero</span> <span class='ocrx_word' id='word_1_186' title='bbox 389 2785 483 2846; x_wconf 91' lang='lat' dir='ltr'>Maria</span> <span class='ocrx_word' id='word_1_187' title='bbox 504 2792 595 2846; x_wconf 89' lang='lat' dir='ltr'>mater</span> <span class='ocrx_word' id='word_1_188' title='bbox 616 2787 840 2863; x_wconf 87' lang='lat' dir='ltr'>misericordiae,</span> <span class='ocrx_word' id='word_1_189' title='bbox 871 2789 1005 2848; x_wconf 85' lang='lat' dir='ltr'>seminam</span> <span class='ocrx_word' id='word_1_190' title='bbox 1027 2787 1218 2865; x_wconf 87' lang='lat' dir='ltr'>stultiloquam</span> 
     </span>
     <span class='ocr_line' id='line_1_27' title="bbox 186 2872 1219 2952; baseline -0.002 -20"><span class='ocrx_word' id='word_1_191' title='bbox 186 2891 250 2950; x_wconf 40' lang='lat' dir='ltr'>non,</span> <span class='ocrx_word' id='word_1_192' title='bbox 265 2883 298 2933; x_wconf 89' lang='lat' dir='ltr'>ut</span> <span class='ocrx_word' id='word_1_193' title='bbox 318 2877 439 2934; x_wconf 89' lang='lat' dir='ltr'>arbitror</span> <span class='ocrx_word' id='word_1_194' title='bbox 460 2873 538 2950; x_wconf 90' lang='lat' dir='ltr'>apud</span> <span class='ocrx_word' id='word_1_195' title='bbox 559 2873 648 2932; x_wconf 87' lang='lat' dir='ltr'>filium</span> <span class='ocrx_word' id='word_1_196' title='bbox 670 2892 819 2949; x_wconf 88' lang='lat' dir='ltr'>accusans,</span> <span class='ocrx_word' id='word_1_197' title='bbox 847 2875 898 2935; x_wconf 93' lang='lat' dir='ltr'>scd</span> <span class='ocrx_word' id='word_1_198' title='bbox 919 2893 1042 2952; x_wconf 87' lang='lat' dir='ltr'>poenam</span> <span class='ocrx_word' id='word_1_199' title='bbox 1062 2892 1115 2950; x_wconf 87' lang='lat' dir='ltr'>pro</span> <span class='ocrx_word' id='word_1_200' title='bbox 1139 2872 1219 2948; x_wconf 87' lang='lat' dir='ltr'>culpa</span> 
     </span>
     <span class='ocr_line' id='line_1_28' title="bbox 185 2961 1219 3038; baseline -0.003 -19"><span class='ocrx_word' id='word_1_201' title='bbox 185 2962 309 3020; x_wconf 84' lang='lat' dir='ltr'>suturam</span> <span class='ocrx_word' id='word_1_202' title='bbox 330 2961 411 3021; x_wconf 85' lang='lat' dir='ltr'>altari</span> <span class='ocrx_word' id='word_1_203' title='bbox 433 2962 546 3022; x_wconf 90' lang='lat' dir='ltr'>cuidam</span> <span class='ocrx_word' id='word_1_204' title='bbox 568 2967 714 3021; x_wconf 87' lang='lat' dir='ltr'>matronae</span> <span class='ocrx_word' id='word_1_205' title='bbox 734 2961 913 3037; x_wconf 88' lang='lat' dir='ltr'>praedicens,</span> <span class='ocrx_word' id='word_1_206' title='bbox 933 2964 988 3020; x_wconf 89' lang='lat' dir='ltr'>ait:</span> <span class='ocrx_word' id='word_1_207' title='bbox 1010 2961 1086 3038; x_wconf 87' lang='lat' dir='ltr'>Quia</span> <span class='ocrx_word' id='word_1_208' title='bbox 1108 2961 1219 3022; x_wconf 86' lang='lat' dir='ltr'>domiue</span> 
     </span>
     <span class='ocr_line' id='line_1_29' title="bbox 185 3047 1217 3125; baseline -0.002 -18"><span class='ocrx_word' id='word_1_209' title='bbox 185 3047 254 3122; x_wconf 87' lang='lat' dir='ltr'>illa,</span> <span class='ocrx_word' id='word_1_210' title='bbox 277 3050 391 3108; x_wconf 90' lang='lat' dir='ltr'>nominc</span> <span class='ocrx_word' id='word_1_211' title='bbox 413 3066 478 3110; x_wconf 89' lang='lat' dir='ltr'>eam</span> <span class='ocrx_word' id='word_1_212' title='bbox 500 3049 667 3125; x_wconf 83' lang='lat' dir='ltr'>designans,</span> <span class='ocrx_word' id='word_1_213' title='bbox 696 3051 810 3110; x_wconf 88' lang='lat' dir='ltr'>vocavit</span> <span class='ocrx_word' id='word_1_214' title='bbox 830 3067 877 3108; x_wconf 90' lang='lat' dir='ltr'>me</span> <span class='ocrx_word' id='word_1_215' title='bbox 900 3055 1024 3109; x_wconf 87' lang='lat' dir='ltr'>veterem</span> <span class='ocrx_word' id='word_1_216' title='bbox 1045 3048 1217 3116; x_wconf 75' lang='lat' dir='ltr'>turmulam,</span> 
     </span>
     <span class='ocr_line' id='line_1_30' title="bbox 186 3133 1217 3211; baseline -0.001 -16"><span class='ocrx_word' id='word_1_217' title='bbox 186 3151 299 3210; x_wconf 86' lang='lat' dir='ltr'>semper</span> <span class='ocrx_word' id='word_1_218' title='bbox 319 3137 423 3195; x_wconf 88' lang='lat' dir='ltr'>misera</span> <span class='ocrx_word' id='word_1_219' title='bbox 445 3140 497 3196; x_wconf 87' lang='lat' dir='ltr'>erit</span> <span class='ocrx_word' id='word_1_220' title='bbox 518 3135 613 3211; x_wconf 89' lang='lat' dir='ltr'>quoad</span> <span class='ocrx_word' id='word_1_221' title='bbox 634 3139 721 3196; x_wconf 83' lang='lat' dir='ltr'>vtvet.</span> <span class='ocrx_word' id='word_1_222' title='bbox 764 3137 836 3195; x_wconf 88' lang='lat' dir='ltr'>Post</span> <span class='ocrx_word' id='word_1_223' title='bbox 855 3153 964 3211; x_wconf 89' lang='lat' dir='ltr'>paucos</span> <span class='ocrx_word' id='word_1_224' title='bbox 987 3135 1047 3196; x_wconf 88' lang='lat' dir='ltr'>dies</span> <span class='ocrx_word' id='word_1_225' title='bbox 1068 3137 1106 3196; x_wconf 92' lang='lat' dir='ltr'>ab</span> <span class='ocrx_word' id='word_1_226' title='bbox 1129 3133 1217 3196; x_wconf 83' lang='lat' dir='ltr'>omrd·</span> 
     </span>
     <span class='ocr_line' id='line_1_31' title="bbox 186 3222 1217 3299; baseline 0 -17"><span class='ocrx_word' id='word_1_227' title='bbox 186 3224 241 3282; x_wconf 93' lang='lat' dir='ltr'>bus</span> <span class='ocrx_word' id='word_1_228' title='bbox 262 3223 321 3281; x_wconf 90' lang='lat' dir='ltr'>suis</span> <span class='ocrx_word' id='word_1_229' title='bbox 342 3223 425 3281; x_wconf 90' lang='lat' dir='ltr'>bonis</span> <span class='ocrx_word' id='word_1_230' title='bbox 444 3223 598 3284; x_wconf 89' lang='lat' dir='ltr'>mobilibus</span> <span class='ocrx_word' id='word_1_231' title='bbox 621 3229 649 3282; x_wconf 92' lang='lat' dir='ltr'>et</span> <span class='ocrx_word' id='word_1_232' title='bbox 661 3223 854 3282; x_wconf 90' lang='lat' dir='ltr'>immobilibus</span> <span class='ocrx_word' id='word_1_233' title='bbox 876 3241 895 3282; x_wconf 93' lang='lat' dir='ltr'>a</span> <span class='ocrx_word' id='word_1_234' title='bbox 915 3222 973 3282; x_wconf 82' lang='lat' dir='ltr'>fillo</span> <span class='ocrx_word' id='word_1_235' title='bbox 988 3225 1102 3299; x_wconf 89' lang='lat' dir='ltr'>proprio</span> <span class='ocrx_word' id='word_1_236' title='bbox 1125 3224 1217 3290; x_wconf 79' lang='lat' dir='ltr'>eiecta,</span> 
     </span>
     <span class='ocr_line' id='line_1_32' title="bbox 187 3306 1218 3386; baseline 0 -18"><span class='ocrx_word' id='word_1_237' title='bbox 187 3308 383 3369; x_wconf 88' lang='lat' dir='ltr'>miserabiliter</span> <span class='ocrx_word' id='word_1_238' title='bbox 404 3310 473 3368; x_wconf 89' lang='lat' dir='ltr'>satis</span> <span class='ocrx_word' id='word_1_239' title='bbox 495 3309 693 3384; x_wconf 80' lang='lat' dir='ltr'>usque-hodie</span> <span class='ocrx_word' id='word_1_240' title='bbox 714 3309 872 3384; x_wconf 87' lang='lat' dir='ltr'>mendicat,</span> <span class='ocrx_word' id='word_1_241' title='bbox 901 3327 1024 3386; x_wconf 87' lang='lat' dir='ltr'>poenam</span> <span class='ocrx_word' id='word_1_242' title='bbox 1046 3309 1128 3370; x_wconf 88' lang='lat' dir='ltr'>luens</span> <span class='ocrx_word' id='word_1_243' title='bbox 1149 3306 1218 3371; x_wconf 91' lang='lat' dir='ltr'>stul·</span> 
     </span>
     <span class='ocr_line' id='line_1_33' title="bbox 187 3392 1217 3474; baseline -0.003 -19"><span class='ocrx_word' id='word_1_244' title='bbox 187 3395 305 3471; x_wconf 89' lang='lat' dir='ltr'>tiloquii.</span> <span class='ocrx_word' id='word_1_245' title='bbox 349 3395 424 3456; x_wconf 82' lang='lat' dir='ltr'>Ecce</span> <span class='ocrx_word' id='word_1_246' title='bbox 446 3397 487 3454; x_wconf 89' lang='lat' dir='ltr'>sic</span> <span class='ocrx_word' id='word_1_247' title='bbox 509 3397 596 3454; x_wconf 81' lang='lat' dir='ltr'>beata</span> <span class='ocrx_word' id='word_1_248' title='bbox 616 3396 706 3472; x_wconf 89' lang='lat' dir='ltr'>Virgo</span> <span class='ocrx_word' id='word_1_249' title='bbox 736 3396 884 3473; x_wconf 85' lang='lat' dir='ltr'>diligentes</span> <span class='ocrx_word' id='word_1_250' title='bbox 910 3392 944 3457; x_wconf 85' lang='lat' dir='ltr'>¹se</span> <span class='ocrx_word' id='word_1_251' title='bbox 965 3397 1058 3474; x_wconf 89' lang='lat' dir='ltr'>diligit</span> <span class='ocrx_word' id='word_1_252' title='bbox 1079 3404 1108 3457; x_wconf 90' lang='lat' dir='ltr'>et</span> <span class='ocrx_word' id='word_1_253' title='bbox 1128 3396 1217 3458; x_wconf 91' lang='lat' dir='ltr'>hono·</span> 
     </span>
    </p>

    <p class='ocr_par' dir='ltr' id='par_1_7' title="bbox 187 3477 1218 3560">
     <span class='ocr_line' id='line_1_34' title="bbox 187 3477 1218 3560; baseline 0 -20"><span class='ocrx_word' id='word_1_254' title='bbox 187 3490 239 3558; x_wconf 89' lang='lat' dir='ltr'>rat,</span> <span class='ocrx_word' id='word_1_255' title='bbox 261 3487 290 3542; x_wconf 89' lang='lat' dir='ltr'>et</span> <span class='ocrx_word' id='word_1_256' title='bbox 302 3477 322 3560; x_wconf 67' lang='grc' dir='ltr'>ε)</span> <span class='ocrx_word' id='word_1_257' title='bbox 345 3488 559 3542; x_wconf 89' lang='lat' dir='ltr'>contemnentes</span> <span class='ocrx_word' id='word_1_258' title='bbox 581 3500 612 3542; x_wconf 89' lang='lat' dir='ltr'>se</span> <span class='ocrx_word' id='word_1_259' title='bbox 633 3484 716 3557; x_wconf 89' lang='lat' dir='ltr'>punit</span> <span class='ocrx_word' id='word_1_260' title='bbox 737 3490 766 3544; x_wconf 91' lang='lat' dir='ltr'>et</span> <span class='ocrx_word' id='word_1_261' title='bbox 787 3482 924 3552; x_wconf 80' lang='lat' dir='ltr'>humiliat.</span> <span class='ocrx_word' id='word_1_262' title='bbox 967 3482 1169 3546; x_wconf 83' lang='lat' dir='ltr'>NOVIOIUS:</span> <span class='ocrx_word' id='word_1_263' title='bbox 1190 3479 1218 3540; x_wconf 86' lang='lat' dir='ltr'>Si</span> 
     </span>
    </p>
   </div>
   <div class='ocr_carea' id='block_1_7' title="bbox 206 3637 1218 3874">
    <p class='ocr_par' dir='ltr' id='par_1_8' title="bbox 206 3637 1218 3874">
     <span class='ocr_line' id='line_1_35' title="bbox 206 3637 1216 3735; baseline -0.001 -16"><span class='ocrx_word' id='word_1_264' title='bbox 206 3669 237 3735; x_wconf 86' lang='lat'>1)</span> <span class='ocrx_word' id='word_1_265' title='bbox 255 3666 365 3719; x_wconf 84' lang='lat' dir='ltr'>Vcldena</span> <span class='ocrx_word' id='word_1_266' title='bbox 381 3637 450 3719; x_wconf 83' lang='lat' dir='ltr'>iuxta</span> <span class='ocrx_word' id='word_1_267' title='bbox 469 3667 613 3719; x_wconf 81' lang='lat' dir='ltr'>Rerucastel</span> <span class='ocrx_word' id='word_1_268' title='bbox 636 3667 668 3718; x_wconf 89' lang='lat' dir='ltr'>ad</span> <span class='ocrx_word' id='word_1_269' title='bbox 687 3667 819 3720; x_wconf 86' lang='lat' dir='ltr'>Mosellam.</span> <span class='ocrx_word' id='word_1_270' title='bbox 840 3693 869 3704; x_wconf 92' lang='lat'><em>-</em></span> <span class='ocrx_word' id='word_1_271' title='bbox 889 3665 921 3731; x_wconf 85' lang='lat'>2)</span> <span class='ocrx_word' id='word_1_272' title='bbox 939 3665 1055 3717; x_wconf 83' lang='lat' dir='ltr'>rambula</span> <span class='ocrx_word' id='word_1_273' title='bbox 1072 3669 1216 3721; x_wconf 83' lang='lat' dir='ltr'>vocabulum</span> 
     </span>
     <span class='ocr_line' id='line_1_36' title="bbox 256 3731 1218 3801; baseline -0.001 -13"><span class='ocrx_word' id='word_1_274' title='bbox 256 3746 295 3789; x_wconf 88' lang='lat' dir='ltr'>est</span> <span class='ocrx_word' id='word_1_275' title='bbox 312 3737 444 3788; x_wconf 82' lang='lat' dir='ltr'>formatum</span> <span class='ocrx_word' id='word_1_276' title='bbox 463 3751 495 3785; x_wconf 87' lang='lat' dir='ltr'>ex</span> <span class='ocrx_word' id='word_1_277' title='bbox 507 3735 653 3787; x_wconf 86' lang='lat' dir='ltr'>Germanico</span> <span class='ocrx_word' id='word_1_278' title='bbox 671 3734 812 3801; x_wconf 82' lang='lat' dir='ltr'>Rtimpel,</span> <span class='ocrx_word' id='word_1_279' title='bbox 832 3731 1079 3795; x_wconf 80' lang='lat' dir='ltr'>cuirrseollectivum,</span> <span class='ocrx_word' id='word_1_280' title='bbox 1098 3740 1218 3791; x_wconf 81' lang='lat' dir='ltr'>Geriim-</span> 
     </span>
     <span class='ocr_line' id='line_1_37' title="bbox 257 3801 1185 3874; baseline -0.002 -16"><span class='ocrx_word' id='word_1_281' title='bbox 257 3806 323 3874; x_wconf 90' lang='lat' dir='ltr'>pel,</span> <span class='ocrx_word' id='word_1_282' title='bbox 341 3805 456 3873; x_wconf 84' lang='lat' dir='ltr'>designat</span> <span class='ocrx_word' id='word_1_283' title='bbox 475 3802 542 3870; x_wconf 87' lang='lat' dir='ltr'>qnod</span> <span class='ocrx_word' id='word_1_284' title='bbox 560 3805 639 3856; x_wconf 86' lang='lat' dir='ltr'>Latini</span> <span class='ocrx_word' id='word_1_285' title='bbox 657 3813 748 3856; x_wconf 85' lang='lat' dir='ltr'>vocant</span> <span class='ocrx_word' id='word_1_286' title='bbox 765 3810 877 3854; x_wconf 86' lang='lat' dir='ltr'>scruta.</span> <span class='ocrx_word' id='word_1_287' title='bbox 900 3830 927 3839; x_wconf 96' lang='lat'>-</span> <span class='ocrx_word' id='word_1_288' title='bbox 949 3801 980 3866; x_wconf 81' lang='lat'>3)</span> <span class='ocrx_word' id='word_1_289' title='bbox 999 3811 1029 3851; x_wconf 87' lang='lat' dir='ltr'>et</span> <span class='ocrx_word' id='word_1_290' title='bbox 1047 3803 1095 3854; x_wconf 86' lang='lat' dir='ltr'>add</span> <span class='ocrx_word' id='word_1_291' title='bbox 1113 3809 1185 3860; x_wconf 80' lang='lat' dir='ltr'>Act).</span> 
     </span>
    </p>
   </div>
   <div class='ocr_carea' id='block_1_8' title="bbox 0 0 1308 4244">
    <p class='ocr_par' dir='ltr' id='par_1_9' title="bbox 0 0 1308 4244">
     <span class='ocr_line' id='line_1_38' title="bbox 0 0 1308 4244; baseline 0 0"><span class='ocrx_word' id='word_1_292' title='bbox 0 0 1308 4244; x_wconf 95' lang='lat' dir='ltr'> </span> 
     </span>
    </p>
   </div>
  </div>
 </body>
</html>
