2524 4252
307 289 361 350 Du
382 286 564 350 PRAEMIO
585 288 850 356 MORTUORUM.
1034 291 1094 348 341
1169 333 1180 338 -

65 416 129 472 ctus
152 415 203 488 est,
222 412 336 472 nomine
357 409 514 472 Johannes.
556 411 613 472 Hie
635 411 750 486 quidem
771 411 919 488 religiosus
941 411 1097 485 satisfuit,

63 497 170 558 sedin
188 498 283 558 verbis
305 503 391 574 atque
414 501 501 574 signis
522 498 616 558 levem
633 498 788 560 admodum
810 516 841 558 sc
864 498 999 558 'exhibuit
1041 499 1097 557 Die

64 584 191 659 quadam
212 591 278 662 post
299 591 419 644 mortem
438 588 498 644 eius
521 603 586 644 cum
608 585 739 646 dominus
751 584 863 646 Ulricus
876 580 893 665 ¹)
915 592 983 644 tunc
995 583 1098 644 Abbas

64 673 218 730 intraturus
233 678 309 730 essct
321 674 482 746 oratorium,
503 679 532 731 et
545 690 633 731 unum
650 672 754 747 pedem
775 674 917 748 posuisset
937 674 1098 745 introrsum,
1133 687 1138 697 ·

64 757 144 818 clara
163 759 228 818 luce
250 757 411 834 praedictus
423 758 572 818 lohannes
584 759 624 818 illi
637 777 786 837 apparens,
808 758 845 818 ad
856 758 945 834 pedes
956 761 1017 818 eius
1028 775 1097 833 pro-

65 844 312 918 cidit‚‘orationes
332 845 490 921 postulans.
534 845 598 922 Quo
627 848 693 904 viso
710 845 813 906 Abbas
842 848 967 919 territus,
995 844 1097 920 pedem

63 933 189 1006 retraxit,
210 933 314 992 ostium
335 939 401 1008 post
422 949 453 991 se
476 933 620 992 claudens.
662 933 700 992 Et
720 932 877 992 iudicatum
899 939 943 992 est
964 950 982 992 a
1002 933 1097 992 fratri-
1157 980 1160 986 .

64 1018 127 1092 bus,
149 1035 267 1080 eausam
287 1019 517 1096 purgatoriieius
538 1021 662 1080 maxime
684 1020 769 1079 luisse
785 1019 940 1091 levitatem⁴
981 1018 1097 1079 NOVI-

65 1103 172 1165 CIUS:
202 1104 279 1181 Quid
299 1107 323 1164 si
343 1108 399 1181 ipsi
418 1104 550 1166 Abbates
572 1106 699 1165 ordinem
721 1124 804 1166 suum
832 1107 924 1170 minus
954 1105 1097 1166 custodie-

64 1190 140 1250 n'nt‘l
182 1190 415 1251 MONACHUSr
440 1192 519 1252 Sicut
543 1195 671 1252 subiecto
700 1194 867 1269 probabitur
894 1193 1040 1269 exemplo,
1070 1199 1098 1251 ct

63 1279 117 1352 ipsi
137 1294 249 1354 poenae
270 1279 469 1342 subiacebunt
569 1337 572 1342 ,

363 1433 365 1438 ’
388 1445 630 1530 'cnrmmum
650 1469 771 1529 xxxr.

134 1589 184 1648 Dc
198 1553 381 1667 purpatooio
401 1589 524 1650 Abbatis
546 1595 598 1667 qui
618 1594 728 1650 invitus
749 1595 803 1650 icit
825 1592 867 1650 cd
886 1590 1026 1650 laborem.

126 1711 273 1772 Recitavit
292 1712 362 1772 mibi
382 1730 473 1790 nuper
494 1712 635 1774 Hernicus
656 1715 747 1772 maior
768 1713 928 1772 cellerarius
950 1713 986 1773 de
1009 1712 1096 1772 Clau·

64 1803 122 1858 stro
144 1801 284 1858 visionem
305 1800 460 1860 notabilem
483 1802 560 1858 satia.
604 1799 744 1876 Contigit,
764 1802 869 1876 inquit,
897 1807 930 1859 ut
952 1799 997 1860 die
1023 1818 1097 1876 qua·

67 1883 132 1944 dam
155 1884 292 1946 haberem
306 1889 415 1946 socium
428 1889 497 1946 viae
514 1886 687 1946 monachum
710 1888 852 1962 quendam
875 1886 979 1947 ordinis
1000 1889 1097 1946 nostri.

65 1969 197 2048 Cumque
218 1971 303 2032 simul
324 1974 514 2032 conferremus
535 1973 571 2032 de
591 1972 805 2050 aedificatoriis,
832 1975 901 2033 dixit
921 1974 1004 2033 mihi:
1033 1975 1095 2052 Ego
1201 2021 1202 2026 ,

64 2059 147 2118 vobis
168 2059 288 2118 reseram
310 2060 387 2138 quod
407 2078 498 2135 nuper
519 2062 638 2136 contigit
649 2062 679 2118 in
701 2060 785 2121 domo
807 2067 912 2120 nostra.
955 2061 1096 2140 Habebo·

64 2161 128 2206 mus
150 2143 296 2206 Abbatem
317 2149 409 2206 virum
423 2149 452 2206 in
474 2147 621 2223 disciplina
641 2146 746 2208 ordinis
767 2150 835 2208 satis
856 2148 1022 2224 perlectum,
1045 2165 1096 2206 ex·

66 2239 148 2310 cepto
170 2231 226 2292 hoc
247 2233 319 2308 solo,
340 2234 417 2310 quod
438 2251 585 2310 nunquam
606 2252 680 2312 pene
703 2236 920 2294 cumfratribus
944 2237 1020 2296 exire
1042 2251 1096 2293 vo·

65 2316 117 2377 luit
126 2318 164 2378 ad
176 2319 289 2379 labores
299 2338 444 2379 manuum.
472 2321 529 2382 Hic
551 2339 616 2380 cum
627 2323 778 2382 moriturus
789 2329 872 2396 esset,
894 2329 928 2382 et
938 2321 1097 2382 monachus

66 2406 181 2479 quidam
204 2423 289 2481 quem
310 2407 474 2466 familiarius
496 2426 565 2483 prae
580 2410 680 2467 ceteris
702 2409 845 2485 diligebat,
867 2410 892 2468 ei
910 2396 1037 2487 serviret,
1057 2411 1098 2466 ait

66 2494 90 2549 ei
110 2493 187 2552 idem
202 2493 373 2553 monachus:
396 2495 519 2555 Domine
542 2512 611 2570 rogo
631 2511 685 2554 vos
705 2498 807 2577 intuitu
830 2498 970 2571 caritatis,
998 2503 1031 2554 ut
1050 2498 1096 2553 in-

65 2577 105 2638 ira
126 2578 181 2638 hos
202 2582 316 2656 triginta
333 2580 393 2640 dies
414 2582 484 2639 mihi
506 2581 678 2658 apparendo,
701 2581 736 2641 de
750 2589 826 2641 statu
847 2589 942 2641 vestro
964 2599 1010 2642 me
1033 2600 1096 2641 eer-

64 2665 185 2726 tifioetis.
226 2667 386 2742 Respondit
407 2665 522 2727 Abbasr
552 2669 583 2728 Si
604 2667 673 2726 mihi
695 2686 862 2728 concessum
883 2670 981 2744 luerit,
1002 2669 1096 2728 liben-

64 2757 106 2810 ter
125 2753 239 2812 iaciam.
275 2754 380 2832 Sicque
393 2754 542 2814 defunctus
565 2763 617 2816 est.
658 2755 819 2834 Monachus
842 2773 909 2816 vero
933 2758 1000 2831 quio
1021 2755 1096 2813 mul-

65 2845 93 2897 ta
113 2840 221 2900 iecerat
237 2843 262 2900 ei
284 2841 368 2918 bona,
391 2842 562 2916 quotidianis
584 2841 705 2902 lacrimis
727 2846 757 2902 in
779 2847 905 2902 oratioue
927 2842 1024 2902 Deum
1044 2859 1095 2918 pro

64 2924 135 2986 illius
158 2928 323 2990 excessibus
341 2936 407 2988 ante
429 2929 545 3004 aliquod
565 2929 655 2990 altare
676 2930 789 3004 placare
811 2930 953 2989 studebat.
996 2929 1096 2988 Trice-

64 3013 134 3074 sima
156 3013 218 3089 die,
239 3031 305 3074 eum
326 3017 383 3074 iam
405 3017 562 3076 monachus
585 3015 620 3074 de
640 3016 765 3076 Abbatis
787 3018 879 3076 reditu
901 3016 1115 3092 desperasset,¹

64 3097 109 3160 ille
130 3103 221 3160 oranti
255 3119 411 3178 apparens,
441 3106 495 3163 ait:
525 3103 601 3164 Ecce
629 3103 676 3162 hic
705 3122 769 3164 sum
798 3106 871 3163 sicut
892 3105 1008 3179 promisi
1036 3103 1097 3163 tibi.

64 3183 131 3246 Erat
152 3195 251 3246 autem
279 3205 297 3247 a
326 3189 439 3266 cingulo
469 3197 497 3249 et
524 3207 637 3249 sursum
666 3197 725 3249 tam
755 3208 872 3265 corpore
901 3209 987 3266 quam
1016 3197 1096 3250 veste

65 3273 155 3334 clarus
169 3273 263 3348 valde,
285 3293 367 3338 crura
389 3293 457 3336 vero
470 3279 530 3336 eius
552 3275 680 3336 ulcerosa
694 3284 722 3336 et
742 3277 780 3338 ad
800 3281 889 3338 instar
910 3273 1094 3356 carbonum²l

64 3362 222 3438 nigerrima.
253 3361 418 3438 chuisitus
433 3363 468 3422 de
490 3371 643 3438 statuam,
664 3365 823 3440 respondit:
845 3365 1001 3426 Tormenta
1022 3381 1095 3440 quac

63 3446 91 3506 in
113 3449 241 3508 cruribus
263 3452 397 3524 sustinui,
426 3449 505 3510 nulla
524 3450 621 3527 lingua
642 3459 740 3526 posset
768 3454 932 3530 exprimere.
974 3453 1095 3510 Dicente

64 3534 219 3611 monacho,
242 3553 317 3612 quae
334 3537 388 3596 suit
408 3554 496 3600 causa
525 3543 668 3598 tantorum
701 3539 926 3599 tormentorum?
947 3539 994 3597 ille
1024 3538 1096 3596 sub-

64 3621 166 3680 irmxit:
195 3622 271 3699 Quia
298 3623 459 3700 frequenter
486 3623 521 3684 de
551 3623 648 3685 labore
676 3628 783 3700 mansi,
816 3626 894 3684 nulla
930 3624 1095 3699 saepissime

65 3715 140 3769 certa
160 3712 345 3786 necessitate,
367 3718 399 3770 ut
421 3718 464 3770 est
484 3709 644 3788 hospitum,
673 3714 737 3776 siue
755 3713 961 3775 audiendarum
982 3709 1100 3772 confes·-

82 3859 150 3928 1)ss
167 3859 330 3914 ilenricus.
347 3891 377 3901 -
396 3861 429 3930 2)
446 3861 466 3914 B
484 3861 646 3916 carbonis.
