2506 4254
368 241 720 310 msmmsoums.
1011 233 1082 307 'rso

63 377 123 434 srtr
146 375 255 434 ιιιιιιιιι
280 367 355 432 sidit
372 375 402 432 ot
422 369 593 446 concupivit
635 367 731 445 Qmm
754 383 821 430 mm
840 383 929 428 monn
948 383 1008 428 nou
1027 383 1085 444 po·

59 454 180 540 *tdsseth
200 459 348 535 etdogers,
367 455 468 518 leuues
488 457 568 518 nisus
589 461 634 516 est
654 453 811 516 extrahere.
852 454 891 516 Bt
912 456 980 530 quia
992 453 1085 514 firmi·

63 551 101 608 er
118 546 231 622 imagini
252 561 382 606 sennem
399 543 462 618 luit
480 545 510 603 lu
531 541 650 604 diversis
671 542 743 603 locis
761 541 840 602 illem
852 543 986 618 pupugit.
1018 541 1085 602 Do·

63 633 147 694 miuus
172 647 243 694 rere
264 637 298 692 ut
319 631 375 692 sibi
393 630 503 692 lactum
522 629 701 705 estenderet,
731 628 866 704 qmmnid
887 631 949 688 eius
967 630 1085 706 imagiori

61 719 167 782 essse
193 716 242 780 rel
268 723 448 794 contemptus
475 713 664 796 hrogatur2),
692 718 754 792 egit
771 732 824 780 sue
844 717 973 792 potentia
994 721 1027 774 nt
1048 714 1085 776 ds

53 805 169 882 merlis
191 805 395 882 punctionibus
419 805 537 881 sanguis
554 805 678 863 abortire
699 808 851 862 maret.
892 801 988 864 semel
1009 804 1086 864 seim

61 891 148 955 ruere
166 891 294 954 mmtshs
306 891 435 954 ocelim
454 897 542 967 atque
553 889 700 950 leocesms
721 895 765 950 cet
784 892 814 949 in
835 891 925 962 terrh,
946 893 975 948 et
988 893 1085 948 tomen

62 979 177 1054 ceoddis
204 978 307 1042 sedens
328 977 369 1038 ad
387 977 534 1040 dexteram
552 977 648 1038 Patris
668 994 700 1037 se
722 975 828 1053 ooufigi
846 975 1085 1052 merophstom

62 1068 232 1143 conqueritur
259 1064 372 1126 diocese
403 1065 446 1126 Et
465 1083 513 1124 ess
532 1064 674 1140 waipitis
695 1067 852 1139 potestate
873 1063 930 1122 dia
970 1060 1086 1139 Qmuta

62 1169 122 1214 roro
141 1151 327 1231 poenatales
347 1157 494 1229 monem,
513 1167 639 1228 sequeus
657 1149 827 1212 mirsorslnm
847 1148 982 1212 dederet.

396 1357 629 1422 OAPITULUM
644 1357 735 1420 XXI.

62 1498 103 1558 De
119 1497 237 1578 surdos
264 1501 317 1578 poti
343 1501 376 1560 ιἰι
399 1499 533 1559 Troicus
554 1515 669 1563 museo
688 1497 788 1576 furati
807 1504 879 1559 onst
898 1504 929 1559 et
946 1485 1098 1575 mesos

116 1635 204 1718 Apud
230 1639 345 1702 interius
366 1637 530 1702 Traiectum
556 1637 612 1700 hoc
641 1655 716 1699 anuo
738 1639 893 1708 sacrarium
913 1637 943 1696 in
965 1635 1086 1700 ecclesia

61 1727 144 1790 sensti
162 1725 278 1788 Maroni
297 1727 374 1790 iures
395 1725 583 1804 effringentes,
607 1725 748 1801 quosdam
768 1725 921 1788 thesauros
939 1741 1000 1784 una
1019 1739 1086 1784 cum

62 1813 136 1874 cruce
162 1815 365 1890 pretiosissime
392 1815 512 1891 gemmis
540 1817 570 1873 et
596 1829 666 1872 auro
696 1811 832 1874 decorato
858 1814 1086 1887 asportaverunt.

62 1893 112 1974 Qus
132 1917 197 1964 cum
219 1905 314 1964 esseut
326 1900 431 1980 plures,
452 1899 565 1962 duobus
580 1916 693 1962 crucem
707 1901 925 1974 committentes,
943 1899 998 1976 ipsi
1019 1913 1086 1960 cum

62 1983 192 2048 thesauris
219 1987 359 2050 abierunt
400 1983 490 2048 Mane
518 2003 584 2048 cum
611 1993 722 2048 tenerur
750 1985 930 2064 saerilegium
950 1983 989 2046 ed
1008 1984 1086 2044 neti-

63 2071 123 2132 t'am
142 2073 276 2156 Episcopi
296 2080 383 2152 atque
405 2075 605 2140 csuemcerum
624 2075 815 2152 pervenisset,
843 2050 972 2136 doleuths
991 2069 1086 2144 valde,

63 2161 176 2223 maxime
196 2159 240 2238 ‚de
271 2178 355 2224 eruce
384 2161 421 2222 ob
450 2163 609 2240 portionem
636 2161 705 2238 ligni
725 2159 885 2235 Dominici,
911 2158 1015 2220 milites
1035 2173 1087 2234 pet

63 2241 181 2308 diversas
200 2249 265 2310 rias
285 2249 432 2324 missumt,
451 2250 499 2326 qui
510 2247 650 2326 fugientes
663 2242 915 2328 insequerentm³).
954 2245 997 2306 Hi
1016 2259 1086 2304 rese

64 2334 106 2410 qui
127 2351 240 2400 crusem
259 2336 421 2416 portabant,
441 2351 492 2414 per
513 2339 632 2398 senem
651 2335 798 2414 publicem
816 2332 998 2395 incedebant.
1037 2327 1087 2390 Ad

63 2433 127 2494 ques
148 2439 213 2484 cum
227 2425 423 2502 pervenissent
435 2419 547 2500 milites,
567 2421 607 2482 nil
620 2420 657 2484 de
678 2423 719 2483 eis
732 2421 800 2482 meli
812 2422 998 2497 suspicantes,
1018 2435 1087 2494 per·

63 2509 233 2570 transierunt.
275 2508 404 2570 Christus
421 2524 489 2572 vere
511 2511 540 2567 in
563 2525 648 2586 quem
661 2507 939 2585 perseverantiores
960 2523 979 2566 a
1000 2521 1087 2570 seusu

61 2589 202 2673 merant,
225 2613 355 2674 gressum
382 2595 460 2672 fixit,
485 2596 527 2656 its
554 2602 587 2655 ut
607 2613 627 2660 a
645 2602 735 2656 strete
757 2595 930 2657 declinantes
951 2589 1087 2670 paludem

61 2677 195 2758 inherent,
215 2700 269 2746 uec
290 2689 387 2744 emen
407 2684 493 2743 metis
511 2681 633 2760 pedihus
645 2682 800 2762 procedere
817 2687 943 2760 possent
985 2676 1088 2744 Altera

62 2781 123 2830 sero
152 2768 196 2832 dle
223 2769 361 2847 praedicti
388 2770 491 2831 milites
520 2771 644 2846 reversi,
675 2787 740 2832 cum
769 2785 819 2830 eos
839 2784 918 2845 pene,
934 2768 964 2828 iu
985 2763 1087 2828 eodem

61 2848 118 2916 loeo
145 2863 174 2918 et
199 2859 323 2920 maxime
350 2857 443 2918 lutum
470 2855 607 2918 caluendo
635 2855 789 2932 vidissent,
819 2855 913 2916 curati
941 2851 1084 2917 ememus:

61 2935 107 3002 Isti
132 2949 199 3006 sunt
225 2961 297 3021 ques
318 2944 381 3006 heri
399 2943 446 3006 hic
467 2943 634 3008 dimisimus.
673 2941 724 3006 Ad
745 2959 819 3020 ques
838 2957 905 3002 cum
924 2955 998 3000 unus
1025 2936 1087 3002 elc-

61 3037 172 3110 masset,
199 3032 268 3093 boui
295 3029 425 3094 hemines
451 3030 527 3090 male
554 3029 699 3106 inceditis,
730 3037 818 3106 quare
846 3045 904 3090 nou
933 3025 1087 3088 ascenditis

61 3119 171 3178 struem
197 3116 316 3182 tritam?
344 3115 550 3196 responderunt
570 3117 624 3178 illi:
652 3115 732 3178 Bene
753 3115 927 3190 incedimus,
953 3129 1012 3176 non
1032 3129 1087 3176 uos

61 3202 183 3266 sollicitet
202 3207 255 3268 iter
267 3212 405 3268 nestrum.
446 3205 530 3266 Teuc
549 3221 625 3264 nuris
646 3220 682 3262 ex
703 3203 838 3264 militibus
852 3201 918 3262 Deo
931 3202 1087 3278 inspirante

62 3285 125 3352 dixit
150 3291 187 3354 ad
214 3293 324 3354 soclosc
350 3291 469 3370 Aliquid
496 3291 573 3354 istud
601 3289 759 3368 pertendit,
788 3289 906 3350 forsitan
935 3290 976 3352 rei
1004 3291 1086 3366 suut,

63 3377 198 3441 teneamus
211 3379 284 3441 illes
326 3377 375 3440 Ad
396 3397 469 3459 quos
490 3396 556 3442 eum
575 3377 789 3454 descenderent,
808 3376 849 3438 illi
862 3393 976 3438 erucem
987 3371 1087 3452 paludi

62 3459 257 3530 immiserunt
297 3465 469 3548 Interrogati
496 3483 566 3526 vere
595 3464 632 3530 de
658 3464 751 3541 furto,
776 3463 997 3541 responderunt:
1025 3459 1086 3524 Nes

78 3683 107 3756 1)
120 3685 163 3742 (ill
178 3695 303 3758 posset.
320 3717 354 3732 -
371 3687 404 3758 i)
421 3685 631 3758 (immeliorari.
648 3686 685 3751 X,
706 3685 749 3749 29,
765 3685 814 3738 llis
836 3686 963 3755 „irrogare
980 3679 1013 3732 rh
1030 3678 1086 3734 allis

123 3758 367 3901 ffifffflffim
392 3756 526 3816 reddere.“
561 3755 635 3812 eous.
652 3771 730 3824 supro
745 3753 792 3820 w,
816 3754 857 3807 10.
876 3779 908 3796 -
926 3752 961 3822 3)
976 3747 1021 3804 ΑΕ
1038 3749 1103 3834 ιιι-ο
