2608 4252
402 241 457 303 DE
470 241 631 305 SANOTA
649 241 791 304 MARIA,
1037 267 1039 274 ·
1072 243 1112 303 45

96 363 232 440 Hmdcus,
260 365 380 424 miratus
402 371 459 441 est,
488 373 516 426 et
537 367 639 441 inquiri
659 365 727 424 lecit
747 365 859 439 abeo,
880 363 1015 440 quidnam
1031 360 1048 445 1)
1069 363 1115 424 his

96 451 177 512 uerbis
195 457 294 510 notare
314 451 445 511 voluerit.
489 453 545 528 Qui
566 451 726 528 respondit,
759 468 825 510 eum
847 451 951 511 auxilio
973 452 1115 512 Dominae

95 546 195 598 nostrae
212 538 300 598 fuisse
329 547 484 614 receptum.
526 540 633 598 Fuerat
660 555 784 614 namque
811 539 849 597 ob
872 555 1005 597 excessus
1027 556 1115 614 quos·-

96 624 152 684 dam
182 641 333 702 moresque
363 627 501 701 reprobos
531 626 606 686 idem
638 626 779 685 Henricus
813 627 919 684 eiectus
951 625 987 684 de
1022 625 1116 686 domo.

95 709 167 770 Unde
186 713 303 770 nimium
326 711 432 787 dolens,
454 713 502 772 dic
520 719 662 788 noctuque
684 714 806 772 lacrimis
828 719 857 772 et
875 713 1050 772 orationibus
1070 715 1117 770 in-

96 799 200 856 sistebat
220 801 355 859 invooare
376 799 491 858 beatam
512 800 672 876 Virginem,
701 807 732 860 ut
760 803 823 876 ipsa
852 802 878 858 ei
899 815 1059 876 regressum
1080 799 1118 857 ad
1140 809 1143 816 '

95 888 224 959 propriam
254 885 372 946 domum
401 886 527 945 donaret.
576 887 718 962 Tempore
746 887 886 964 generalis
916 885 1039 962 Capituli
1066 903 1118 960 per

96 968 227 1030 Abbatem
249 989 334 1031 suum
356 975 480 1032 seniores
507 971 710 1049 interpellavit,
740 976 787 1049 qui
809 975 979 1033 unanimiter
1000 975 1026 1032 ei
1048 989 1119 1031 oon-

96 1057 273 1134 trndlxerunt,
306 1075 339 1118 eo
363 1059 440 1134 quod
460 1060 655 1136 incorrigibilis
677 1063 815 1122 existeret.
859 1060 946 1139 Quod
966 1062 1016 1119 ubi
1038 1075 1120 1118 corn·

95 1147 158 1218 perit
168 1143 197 1225 ²),
217 1147 307 1206 iratus
328 1147 430 1206 beatae
457 1147 567 1222 Virgini
589 1163 673 1206 omne
694 1125 840 1205 servitium
862 1147 939 1222 quod
961 1149 986 1206 ei
1008 1148 1120 1221 impen-

96 1230 154 1290 dere
175 1231 398 1313 consueveram),
420 1235 567 1292 subtraxit
609 1232 739 1293 Tandem
761 1232 862 1292 ductus
884 1235 920 1293 de
941 1234 997 1293 hoc
1018 1233 1121 1309 poeni·

97 1321 189 1392 tenda,
219 1321 388 1396 obsequium
415 1319 577 1396 neglectum
608 1323 772 1395 resumpsit,
805 1326 833 1379 et
855 1321 1026 1380 valefaciens
1046 1321 1121 1378 Por-

97 1402 307 1486 contraponi
335 1406 495 1466 claustrum
522 1407 619 1481 rediit,
645 1407 866 1466 misericordiam
888 1409 1042 1483 quaesivit,
1070 1405 1122 1466 sed

98 1507 148 1549 uon
164 1493 278 1552 invenit.
320 1493 416 1552 Suasit
438 1496 463 1552 ei
484 1492 585 1554 Abbas
604 1496 656 1569 ,qui
677 1494 755 1552 solus
778 1497 803 1552 ei
825 1501 886 1553 erat
906 1497 1057 1570 propitius,
1090 1501 1123 1552 ut

98 1576 340 1655 Archiepisoopum
354 1581 557 1639 Treverensem
572 1581 670 1655 adiret,
691 1579 748 1660 et⁵)
770 1584 830 1639 eius
848 1598 902 1656 ope
918 1587 946 1639 et
962 1584 1122 1639 interventu

97 1665 244 1740 ingressum
258 1663 432 1746 obtinenti).
454 1665 612 1742 Utrumque
624 1669 731 1746 lactum
744 1675 795 1726 est
817 1665 920 1726 Omnia
933 1674 1030 1726 tamen
1050 1667 1123 1726 hacc

98 1753 166 1810 circa
183 1752 261 1812 illum
281 1759 363 1828 gesta
383 1753 470 1812 luisse
491 1771 542 1829 per
565 1755 743 1813 clementiam
771 1755 948 1830 beataeDei
972 1753 1124 1814 Genitrieis

101 1839 234 1912 praedicto
247 1839 362 1898 Danieli
379 1841 506 1900 revelata
526 1847 601 1900 sunt.
642 1842 695 1910 Vis
716 1859 792 1900 nuno
813 1831 898 1902 nosse
912 1859 998 1918 quam
1014 1841 1124 1900 sincero

101 1923 195 1984 allecto
208 1926 354 2003 diligentes
368 1944 400 1986 se
422 1927 527 2004 diligat,
549 1935 687 2003 quantum
703 1928 819 1988 dilectos
838 1929 967 2001 honoret,
989 1936 1017 1987 et
1038 1945 1126 2003 quam

101 2011 213 2072 mirificis
233 2013 454 2073 revelationibus
476 2015 591 2074 eosdem
613 2013 772 2091 glorificet?
815 2013 1015 2076 NOVICIUS:
1043 2013 1127 2074 Talia

101 2097 190 2158 andire
216 2101 296 2160 cibus
325 2101 395 2160 mihi
423 2108 474 2160 est.
517 2096 751 2162 MONACHUS:
781 2101 863 2177 Quae
893 2102 1018 2162 dicturus
1046 2119 1125 2176 sum,

101 2183 242 2246 multorum
264 2187 349 2248 didici
370 2187 428 2247 fida
448 2188 584 2248 relatione
606 2189 802 2266 religiosorum
812 2185 841 2269 ⁷).
964 2199 967 2205 '

384 2317 616 2422 corrumpor
631 2359 833 2442 murno)
965 2447 966 2454 Ν

104 2477 145 2538 De
162 2485 240 2542 miris
260 2483 419 2544 visionibus
439 2485 552 2544 domini
572 2485 756 2544 Beato-ammi
776 2485 913 2544 monachi
934 2483 970 2543 de
985 2483 1127 2542 Kartalo.

158 2601 189 2661 In
209 2603 383 2664 Lombardia
411 2606 535 2680 quadam
565 2606 649 2665 domo
662 2603 683 2686 ⁸)
706 2606 810 2666 ordinis
831 2607 934 2679 nostri,
967 2621 1041 2678 quae
1062 2602 1127 2662 Ka-

104 2686 181 2748 rixtua
208 2690 324 2766 dicitur,
356 2698 421 2750 ante
450 2710 558 2768 paucos
586 2711 678 2752 anuos
705 2693 862 2752 monachus
884 2691 1000 2768 quidam
1022 2691 1128 2748 exstitit

104 2778 204 2836 nomine
223 2778 427 2838 Bertrammur.
469 2780 529 2840 Iste
550 2787 609 2840 tam
634 2781 754 2840 ferventi
776 2787 855 2839 motu
877 2779 1001 2838 caritatis
1022 2776 1127 2835 Domi-

103 2875 161 2920 nam
180 2871 306 2924 nostram
332 2872 461 2926 sanctam
482 2866 537 2926 Dei
560 2867 733 2927 Genitricem
761 2868 891 2940 amabat,
920 2872 954 2922 ut
980 2881 1038 2922 non
1066 2864 1127 2922 sine

103 2963 196 3024 magno
217 2951 310 3012 cordis
334 2955 459 3011 cruciatu
482 2945 589 3014 'audire‘
606 2961 717 3030 posset,
747 2957 770 3014 si
791 2954 863 3012 sorte
885 2952 1041 3012 dubitative
1063 2953 1127 3026 quis

104 3030 199 3098 diceret
224 3038 272 3098 vel
294 3038 401 3116 lugeret
422 3040 458 3098 de
481 3040 619 3116 corporali
639 3040 714 3100 illius
729 3042 933 3116 assumptione.
977 3037 1049 3098 Cum
1069 3041 1127 3098 mm

104 3118 204 3182 lecisset
222 3127 251 3184 ln
273 3125 372 3185 ordine
395 3127 554 3202 quindecim
577 3145 683 3202 annos,
705 3129 800 3186 adhuc
821 3130 914 3186 virens
926 3122 947 3205 ⁹)
969 3133 1076 3200 aetate,
1097 3127 1128 3184 in

104 3208 189 3282 vigilia
208 3211 420 3288 Assumptionis
443 3213 569 3274 eiusdem
590 3215 731 3291 gloriosae
751 3215 878 3290 Virginis
899 3212 1127 3289 rogavitAbba-

105 3299 169 3371 tom,
194 3304 226 3356 ut
246 3300 301 3358 sibi
322 3299 419 3361 liceret
439 3303 479 3361 ire
501 3301 539 3360 ad
560 3305 682 3362 vicinam
705 3303 866 3377 grangiam,
899 3301 995 3360 dicens
1017 3317 1048 3358 se
1069 3315 1128 3358 non

105 3395 178 3454 posse
198 3385 294 3446 audire
315 3403 409 3463 neque
431 3405 575 3448 sermones
595 3389 754 3448 Hieronimi
774 3391 804 3446 in
826 3388 928 3462 choro,
950 3403 1044 3463 neque
1066 3385 1127 3445 ser-

120 3531 147 3598 1)
161 3533 215 3586 libri
232 3537 305 3606 quid
323 3539 363 3590 in.
382 3569 413 3579 —-
433 3540 464 3607 2]
482 3539 502 3592 C
520 3541 680 3608 percepit.
700 3570 731 3580 -
751 3539 820 3607 3]G
842 3539 1024 3591 consuevit.
1044 3566 1075 3578 —
1094 3535 1127 3604 4)

164 3603 244 3670 Porta,
261 3608 411 3660 coenobium
429 3611 552 3661 Saxonlue
570 3626 649 3678 propo
667 3609 787 3677 oppidum
804 3607 963 3675 Naumburg3
987 3604 1062 3658 bodie
1079 3620 1128 3656 vo-

164 3682 231 3728 outur
247 3677 430 3730 Schul-l'lortc.
457 3679 529 3732 conl.
546 3679 592 3744 xt,
619 3680 658 3732 to.
679 3709 709 3718 -
730 3680 761 3746 5)
779 3679 819 3730 ΒΟ
841 3687 881 3728 ut.
901 3705 932 3715 -
952 3677 984 3742 6)
1007 3674 1027 3726 Β
1048 3674 1128 3724 reti-

165 3756 263 3798 neret.
288 3777 319 3788 -
344 3749 375 3815 7)
398 3749 633 3818 religiosorum
658 3747 706 3799 add
730 3747 758 3799 B.
778 3777 809 3786 -
828 3747 861 3812 l)
879 3745 968 3796 llornil.
986 3743 1005 3795 l.
1023 3759 1048 3809 p.
1068 3742 1126 3792 130·

167 3841 195 3854 -
214 3816 245 3885 8)
262 3817 282 3869 Β
301 3816 393 3870 domo
411 3819 553 3888 quadarn.
573 3849 603 3858 -
624 3818 655 3887 9)
673 3816 757 3870 AGDP
774 3815 911 3867 iuvenir·
