2524 4252
100 223 161 282 366

98 324 174 380 XXI.
208 325 250 378 De
262 320 397 376 christina
414 317 619 384 sanctimoniali,
638 332 705 387 qnae
723 321 841 372 sanctam
852 314 966 368 Mariam
983 315 1012 367 in
1029 329 1079 367 sna

150 392 343 462 Assumptione
362 403 487 444 coronam
501 389 535 441 de
549 388 624 442 coelo
634 400 714 457 super
732 391 893 440 conventum
908 384 998 438 Vallis
1015 399 1079 436 san·

114 499 117 510 .
152 465 189 518 cti
205 462 279 516 Petri
296 459 435 514 demittere
452 457 593 526 conspexit
595 491 1078 510 ............
1095 453 1132 505 18

100 533 189 590 XXII.
224 533 264 588 De
287 530 384 584 Ottone
407 527 563 595 Praeposito
581 525 724 591 Xantensi,
753 525 800 595 qui
823 523 950 594 precibus
972 529 1078 576 sanctae

152 603 252 658 Mariae
270 616 286 653 a
304 598 408 667 duplici
424 597 577 649 lnlirmitate
596 601 701 648 curatus
719 601 767 648 est.
814 630 1077 647 .......
1096 589 1133 644 30
1187 621 1201 632 -

100 674 201 730 XXIII.
236 671 277 723 De
295 668 401 731 clerico,
420 666 464 719 cui
478 671 568 718 sanctu
577 665 662 718 Maria
677 679 727 732 pro
745 663 837 733 liugua
853 659 1077 716 ubAlbiensibus

153 739 294 796 haereticis
310 737 431 807 praecisa
448 749 547 788 novam
563 733 687 786 restituit.
728 769 1077 786 .........
1096 730 1130 784 31

101 813 203 868 XXIV.
238 809 278 862 De
296 806 386 860 Adam
411 804 542 858 monacho
567 804 600 856 de
618 801 709 860 Luchs
725 816 774 872 per
797 805 914 854 sanctam
931 799 1078 853 Mariama

153 881 243 936 scabie
254 876 349 946 capitis
359 880 459 940 sanato,
478 880 504 926 et
516 874 549 926 de
559 871 717 925 sanitatibus
729 886 795 942 quos
807 877 931 939 operatur
947 871 976 922 in
986 869 1078 923 Monte

153 950 308 1012 Pessulano,
327 952 353 999 et
369 942 486 1014 Imagine
504 943 561 995 eius
579 942 651 1010 apud
669 940 812 1021 Sardanay.
857 977 1077 992 ......
1095 939 1132 992 33

100 1023 189 1077 XXV.
223 1018 264 1071 De
282 1029 419 1079 converso,
438 1013 486 1083 qui
501 1027 550 1081 per
563 1011 625 1068 Ave
635 1009 721 1063 Maria
735 1009 769 1062 ab
786 1007 956 1062 infestatione
973 1006 1078 1061 diaboli

151 1092 280 1144 liberatus
299 1091 347 1138 est.
373 1123 393 1140 ,.
429 1122 436 1135 .
471 1115 1076 1136 ...............
1094 1078 1131 1132 25

100 1160 201 1216 XXVI.
236 1157 304 1209 Item
322 1154 356 1207 de
373 1152 490 1215 inclusa,
509 1164 577 1221 quae
595 1150 692 1204 eodem
708 1148 840 1202 beneficio
857 1145 1000 1201 illusiones
1017 1143 1077 1199 dia-

152 1230 256 1283 boIIcas
275 1223 359 1277 evasit
361 1255 1077 1275 ..................
1095 1217 1131 1271 35

100 1299 215 1354 XXVII.
249 1295 317 1347 Item
326 1292 359 1345 de
368 1297 495 1354 matrona,
513 1303 581 1357 quae
599 1302 646 1357 per
661 1286 773 1340 eandem
790 1285 979 1340 salutationem
995 1298 1077 1356 auge-

151 1370 233 1421 licam
248 1365 363 1418 liberata
380 1367 420 1414 est
436 1359 469 1424 ab
488 1357 644 1426 opressione
661 1356 788 1409 adulterii
789 1393 1076 1409 ........
1095 1357 1131 1410 36

100 1437 228 1492 XXVIII.
263 1434 304 1487 Dc
321 1428 488 1483 Theoderico
507 1426 606 1491 milite,
631 1426 706 1498 cuius
723 1424 833 1478 vincula
850 1425 953 1478 meritis
972 1431 1077 1478 sanctae

152 1507 254 1560 Mariae
273 1503 380 1570 dIrupta
398 1505 467 1550 sunt.
514 1529 1076 1551 ..............
1095 1495 1130 1548 37

100 1571 204 1632 XXIX.
238 1575 280 1628 De
298 1569 435 1624 sacerdote
457 1566 490 1619 de
515 1565 632 1634 Polege,
662 1564 706 1617 cui
729 1572 821 1617 sancta
837 1563 923 1617 Maria
946 1574 1077 1634 apparens

152 1649 261 1701 timores
279 1641 457 1696 tonitruorum
475 1635 640 1703 temperavit.
686 1672 1077 1686 ..........
1095 1633 1131 1687 38

100 1717 190 1771 XXX.
224 1715 265 1768 De
283 1712 361 1765 beata
377 1704 521 1760 Elizabeth
538 1705 572 1757 de
590 1702 736 1767 sconsum,
756 1715 825 1772 quaa
842 1703 877 1756 ad
894 1702 973 1756 illum
992 1701 1077 1755 versi-

152 1786 255 1842 culum:
279 1779 355 1835 Audi
379 1792 440 1842 nos,
468 1781 494 1827 et
511 1780 609 1838 cetera,
634 1771 705 1824 vidit
725 1777 844 1825 sanctam
865 1771 978 1826 Marium
1000 1771 1078 1825 neris

153 1854 267 1922 genibus
282 1850 418 1904 Christum
435 1859 484 1914 pro
502 1849 634 1896 conventu
653 1855 727 1894 orare
728 1880 1077 1897 .........
1096 1842 1131 1896 39

100 1926 203 1980 XXXI.
239 1923 306 1975 Item
324 1920 357 1972 dc
377 1916 486 1984 clerico,
511 1914 555 1966 oui
572 1913 606 1965 ad
623 1911 702 1964 illum
719 1910 895 1964 versiculum:
914 1910 967 1965 Ora
985 1909 1078 1982 Virgo,

153 1999 243 2055 sancta
260 1990 345 2044 Maria
362 1983 506 2070 partemio
524 1997 553 2035 os
570 1981 644 2034 misit
645 2019 1078 2034 ...........
1096 1981 1131 2036 39

101 2065 216 2122 XXXII.
251 2059 292 2113 Dc
309 2059 397 2112 milrtc
420 2059 529 2124 propter
547 2049 651 2105 domini
668 2049 709 2102 sui
726 2055 970 2117 excrementum,
998 2064 1078 2122 quem

152 2138 241 2189 sancta
258 2129 344 2184 Maria
361 2139 410 2196 per
431 2122 552 2176 osculum
568 2119 696 2174 liberavit
698 2159 1077 2176 ..........
1094 2122 1131 2176 4ο

99 2203 229 2260 XXXIII.
264 2200 332 2252 Item
350 2198 383 2250 dc
402 2189 613 2256 sanctimoniali,
641 2205 722 2259 quam
746 2202 796 2259 per
808 2189 936 2259 alapham
960 2189 1076 2256 sanavit,

146 2291 213 2328 cum
230 2272 259 2324 in
277 2281 367 2321 amore
383 2262 524 2319 ¹cuiusdam
542 2259 633 2314 clerici
650 2265 719 2312 esset
735 2271 853 2312 accensa
897 2299 1077 2316 .....
1094 2263 1129 2314 41

98 2344 228 2400 xxxw.
263 2339 331 2392 Item
349 2337 383 2391 de
402 2332 521 2387 Beatrice
539 2329 648 2394 custode
651 2368 1077 2384 ...........
1095 2331 1130 2384 42

97 2413 214 2468 XXXV.
248 2410 289 2464 Dc
307 2407 394 2460 milite
411 2405 440 2456 in
458 2399 561 2472 vigiliis
579 2398 726 2464 deficiente,
744 2412 823 2468 quem
840 2407 930 2454 sancta
944 2397 1030 2454 Maria
1046 2399 1077 2453 ln

150 2483 256 2536 ulsiona
274 2474 433 2531 confortavit
435 2507 1076 2527 ................
1095 2471 1131 2524 43

97 2551 227 2608 XXXVI.
261 2548 303 2602 De
313 2544 428 2600 Henrlco
446 2539 578 2595 monacho
588 2537 681 2602 eiecto,
700 2537 749 2608 qui
765 2537 868 2592 meritis
883 2539 977 2594 beatae
990 2538 1078 2594 Maria

96 2623 409 2747 rutilum...
426 2650 578 2736 uttan
595 2647 700 2734 sm...
716 2646 874 2733 scum.
897 2612 1131 2734 11111144

149 2761 262 2815 Karixto
265 2786 1075 2813 ····················

97 2831 252 2886 XXXVIII.
286 2829 351 2882 Vita
368 2821 473 2882 domini
490 2819 605 2874 Walteri
622 2819 656 2872 de
672 2815 789 2872 Birbech
790 2857 1075 2873 ........
1093 2757 1131 2878 13

97 2900 228 2958 XXXIX.
262 2897 304 2951 De
326 2895 434 2951 Abbnte
458 2889 562 2956 nostro,
596 2889 640 2942 cui
662 2889 766 2958 virgam
793 2888 954 2960 pastoralem
985 2893 1077 2944 sancta

118 3011 122 3020 ,
149 2969 235 3024 1111111
251 2967 374 3090 111ήῖ111
391 2963 450 3018 visa
468 2969 508 3014 est
524 2968 666 3044 antequem
682 2957 857 3040 iuAbbatem
865 2963 1076 3030 promoveretur.
1094 2965 1129 3016 57

97 3039 154 3096 XL.
191 3039 257 3092 Item
275 3037 308 3090 de
350 3036 462 3105 piscopo
473 3031 649 3095 Theoderico,
668 3045 715 3100 qur
733 3042 781 3098 per
797 3031 884 3098 ipsam
899 3025 1027 3085 Coloniae
1044 3032 1075 3086 in

148 3107 306 3162 Antistitcm
323 3113 364 3160 est
380 3108 526 3175 promotus,
544 3103 655 3172 eiusque
672 3105 739 3152 nutu
758 3099 895 3173 depositus
898 3140 1074 3157 .....
1094 3103 1129 3156 58

108 3177 165 3230 ''Ll
200 3178 241 3258 lla
256 3175 385 3258 'scholare
402 3173 587 3256 Coloniensi&
600 3185 680 3242 quem
701 3179 791 3226 sancta
811 3169 897 3227 Marios
919 3173 949 3227 ln
972 3171 1075 3234 somnis

148 3244 793 3396 tlmttttttsldcuttidi..m.
807 3281 990 3368 unu...
1007 3282 1074 3366 s..
1093 3239 1128 3295 ⁵⁹

152 3391 189 3438 tae
207 3383 335 3454 V1rg1n1s.
381 3421 602 3436 ......
609 3421 611 3426 -
639 3420 1073 3438 ...........
1092 3381 1128 3433 titt

152 3453 194 3530 III.
225 3451 266 3506 Da
283 3466 371 3520 poena
387 3449 493 3516 lusoris,
512 3452 560 3521 qui
576 3450 774 3521 blasphemavit
791 3459 908 3506 sanctam
924 3451 1046 3506 Mariam.
1066 3492 1073 3507 .
1092 3451 1127 3503 tlt

148 3523 190 3578 IV.
226 3522 293 3576 Itcm
311 3521 344 3576 de
362 3535 449 3590 poena
468 3521 607 3576 cuiusdam
624 3529 761 3576 matronae
779 3521 813 3576 dc
830 3521 979 3586 Valdenzc,
1004 3535 1073 3590 quae

132 3593 179 3666 de
196 3591 313 3664 Imagine
329 3597 437 3646 sanctae
454 3589 555 3646 Mariae
574 3591 654 3644 stulte
674 3591 841 3660 loquebatur.
894 3631 901 3646 .
936 3631 942 3645 .
979 3631 985 3643 .
1022 3605 1037 3644 ‚⁴
1064 3589 1125 3645 .c⁴2

116 3663 176 3746 ny.
210 3663 252 3746 Ile
269 3661 324 3715 alia
334 3667 462 3744 matrona,
481 3675 550 3734 quae
567 3661 876 3730 fillamaluporaptam,
893 3674 941 3730 per
959 3659 1073 3714 eandem

90 3737 858 3876 11111111111111111111·;
893 3770 900 3855 :
935 3771 942 3854 :
977 3771 984 3830 τ
1019 3769 1027 3854 :
1064 3729 1126 3856 :tt
