2506 4254
174 271 238 334 its
523 267 748 336 emmanue
768 269 881 340 NONA

173 391 603 472 eoqnxmtnegligenteraxeres
615 397 875 478 campannrlomm3
896 393 1003 456 etideo
1018 393 1093 458 tales
1116 395 1200 456 exed-

173 487 226 542 unt
246 480 444 558 negligentiae.
465 480 549 542 Unde
564 499 631 542 eum
642 479 745 542 Ahbas
760 489 859 542 nester
873 482 919 543 die
940 482 1067 559 quadam
1083 483 1200 544 celebra·

172 574 254 628 turns
268 575 344 628 esset
360 571 477 628 mmmm
491 571 521 627 in
539 568 663 644 quadam
676 569 806 644 ecclesia,
821 575 850 630 et
863 577 959 630 essert
968 571 1081 630 hostiae
1095 571 1200 648 nigeni-

172 671 246 730 mee,
260 657 301 714 ait
314 658 511 732 campanario:
525 655 573 716 De
584 673 641 732 quo
655 673 744 732 mano
758 663 826 716 sunt
839 656 951 716 hostiae
962 657 1056 718 istae?
1077 657 1199 734 Respon-

173 740 258 803 dents
271 741 329 816 illo,
343 741 379 801 de
393 741 515 818 harena,
532 742 622 802 noluit
637 742 795 818 celebram3
808 741 893 804 valde
906 761 1030 821 arguens
1042 743 1136 820 illum,
1146 743 1200 802 dixit

173 827 252 905 quod
265 829 334 887 nihil
347 829 387 888 ibi
400 829 490 888 lieret.
517 827 720 890 NOVICIUS:
745 828 821 905 Quid
834 830 1015 892 sentiendum
1027 837 1072 890 cst
1085 831 1123 890 de
1136 828 1198 907 spel-

172 913 225 980 ta?
253 913 489 976 MONAOHUS:
509 915 676 992 Reqnisitus
690 916 727 976 de
748 915 805 977 hoc
827 915 958 977 dominus
971 915 1054 995 Papa
1066 915 1199 978 Honorius

171 1017 224 1079 per
244 1001 352 1062 litteras
374 1001 522 1062 cuiusdam
542 1002 667 1062 Abbatis
689 1001 794 1062 ordinis
815 1005 918 1078 nostri,
940 1003 1103 1080 respondit,
1134 1001 1198 1080 spel-

172 1096 233 1150 tam
254 1091 346 1165 magis
358 1091 499 1164 pertinere
519 1089 557 1150 ad
576 1089 716 1150 hordeum
738 1105 826 1166 quem
846 1090 884 1150 ad
904 1093 1036 1150 triticum
1078 1091 1127 1151 De
1148 1107 1199 1150 cor·

172 1175 264 1253 parali
284 1191 353 1236 vero
375 1176 428 1236 tibi
448 1177 535 1236 etiam
555 1177 676 1236 relatam
698 1175 883 1253 exemplum.-

510 1363 743 1428 GAPITULUM
763 1365 874 1428 LXVI.

193 1487 242 1548 Dc
262 1489 411 1565 conprecala¹
432 1488 514 1564 quod
535 1487 571 1548 oh
594 1495 707 1548 tactem
728 1493 952 1565 inpraepaatcc
977 1492 1181 1550 sememonte-

329 1640 333 1648 ,
389 1575 424 1634 lis
445 1579 641 1651 scopulosam
663 1579 813 1636 contraxit
834 1578 995 1636 maculam

238 1692 273 1753 In
306 1692 392 1755 domo
426 1695 551 1771 quadam
573 1696 846 1772 sanctimonialium,
876 1711 943 1758 eum
964 1701 1061 1758 eustos
1082 1695 1197 1757 coenobii

174 1781 303 1841 eiusdem
337 1782 443 1842 demina
474 1782 626 1859 religiosa,
662 1783 708 1842 die
741 1784 866 1859 quadam
898 1785 1046 1860 corporale
1076 1783 1196 1856 lavisset,

173 1869 327 1928 iuvencum
348 1868 490 1945 quaedam
511 1887 585 1948 quae
608 1871 635 1930 ei
655 1870 693 1930 ad
714 1871 848 1930 solatium
869 1872 1197 1948 montispessulanae

173 1969 210 2014 ee
229 1955 321 2015 lotum
342 1955 468 2016 extendit
489 1956 527 2015 ad
547 1957 721 2017 siccandum.
764 1957 813 2016 Ad
835 1961 915 2018 cuius
933 1964 1043 2018 tactum
1064 1973 1128 2018 mox
1144 1973 1196 2016 ma·

173 2041 240 2102 cula
267 2045 414 2120 sanguinis
442 2047 582 2120 apparuit.
626 2043 692 2120 Qua
720 2047 783 2104 visa
812 2052 908 2106 custos
935 2047 1038 2106 iterum
1066 2042 1195 2122 corporale

173 2127 253 2206 lavit,
274 2135 303 2190 at
323 2129 466 2189 maculam
482 2130 586 2207 abluit3
608 2131 660 2190 sed
682 2147 749 2190 mox
770 2138 803 2191 ut
815 2132 968 2192 iuvencula
981 2151 1096 2192 manum
1116 2145 1195 2207 appe-

172 2217 245 2292 suit,
272 2233 340 2276 mox
367 2215 468 2276 eadam
491 2221 631 2293 apparuit.
674 2217 812 2278 Delatum
833 2226 878 2280 est
898 2220 1068 2280 miraculum
1088 2217 1122 2278 ed
1140 2233 1195 2274 ma·

172 2305 305 2380 gisnam3
333 2305 477 2363 iniunctae
498 2311 565 2363 sunt
586 2307 743 2380 orationes,
762 2306 903 2366 'revelata
924 2312 968 2366 est
989 2323 1091 2382 eausa,
1118 2319 1193 2379 quae·

119 2399 122 2406 ’
171 2391 258 2450 situm
287 2397 331 2450 est
359 2396 388 2450 et
408 2393 565 2450 inventum.
607 2391 715 2451 Fuerat
736 2396 811 2453 enim
832 2395 1031 2470 impraegnata
1053 2385 1193 2468 acculei,

172 2482 203 2536 et
236 2475 301 2536 ideo
332 2482 412 2536 tactu
446 2479 600 2554 corporalis
631 2478 757 2556 indigna
812 2479 958 2556 Quantum
990 2480 1055 2540 Deo
1087 2475 1192 2538 mundae

171 2577 274 2624 manus
298 2562 442 2647 placeant
477 2565 514 2624 ad
545 2565 622 2626 idem
652 2567 838 2626 ministerium
850 2563 891 2648 ²),
929 2583 1053 2644 sequens
1085 2563 1191 2628 declarat

171 2650 343 2729 exemplum.

503 2841 742 2906 CAPITULUM'
754 2841 880 2906 LXVII.

191 2963 268 3026 Itan
289 2965 326 3024 dc
346 2966 496 3042 morali
517 2967 600 3042 qaod
617 2963 810 3026 Godcaeolcea
831 2969 864 3025 in
887 2968 1077 3026 concoctione
1095 2963 1171 3038 apii

466 3059 494 3112 et
522 3053 624 3113 divim
645 3057 740 3114 victus
761 3055 924 3130 reparavit.

236 3167 432 3231 Gadesealeus
446 3171 482 3232 de
495 3173 726 3233 Volmuntsteine
740 3177 821 3234 euim
836 3191 923 3250 supra
936 3175 1060 3250 memini,
1079 3187 1138 3232 cum
1152 3165 1188 3225 dit

169 3254 296 3330 quedam
318 3257 465 3333 corporale
480 3274 546 3318 eum
560 3261 679 3320 sacrista
699 3257 824 3342 nostro³)
847 3261 1020 3322 extendisset
1040 3258 1076 3320 ad
1095 3255 1189 3336 polieu-

171 3339 249 3416 dnm,
269 3341 396 3419 illudque
412 3361 465 3420 per
485 3345 612 3405 medium
632 3350 763 3424 rupisset,
785 3354 881 3408 eustos
894 3347 965 3408 illud
987 3340 1187 3424 complicanaiu

169 3427 255 3489 theca
267 3433 401 3506 reposuit
422 3431 530 3490 Postea
539 3432 610 3491 illud
632 3433 786 3510 explicans,
808 3452 874 3494 eum
887 3438 1031 3512 integrum
1051 3429 1188 3510 reperisset

169 3517 288 3575 miratus
302 3522 347 3574 est
357 3516 453 3590 valde,
473 3521 619 3576 sanctitati
638 3520 777 3594 praedicti
791 3521 949 3581 sacerdotis
966 3521 1036 3581 illud
1056 3517 1187 3580 menime

171 3601 318 3678 Quantum
331 3603 440 3678 gratiae
449 3605 478 3660 iu
490 3605 679 3664 exsiccatione
689 3609 774 3666 unias
787 3609 941 3685 corporalis
952 3609 1084 3668 meruerit
1092 3601 1113 3686 ⁸)
1121 3603 1186 3674 illd)

189 3767 222 3838 i)
237 3765 283 3820 BC
300 3765 425 3818 occulte
442 3741 757 3841 impraegnata—2)
773 3771 795 3826 B
814 3775 1080 3844 servitium-3]
1095 3775 1186 3825 neruo

240 3852 282 3890 om
298 3834 355 3890 Al).
375 3863 406 3874 -
425 3835 458 3900 d)
475 3835 518 3888 Bc
533 3840 660 3890 meruit.

838 4094 845 4127 Ι
