2524 4252
314 261 369 322 DE
389 259 570 323 PRAEMIO
591 257 870 323 MORuUORUM..
1037 262 1099 321 347

75 384 129 444 Dei
148 389 273 462 negetur,
295 383 371 445 idem
392 384 472 444 locus
495 383 644 444 deliciosus
668 387 707 468 eis
723 389 766 444 est
778 384 974 460 purgatorium
986 379 1013 462 ι).
1048 381 1102 444 Oui

75 474 227 532 consentire
254 471 367 531 videtur
395 471 472 546 quod
494 477 608 530 sanctus
631 469 784 548 Gregorius
812 472 841 529 iu
863 470 987 546 Dialogo
1019 467 1101 545 dicit,
1141 543 1143 548 Α

75 558 128 617 sub
147 558 190 618 his
210 559 320 619 verbis:
349 557 424 618 Nem
446 564 513 617 sunt
533 558 712 634 quorundam
732 559 871 616 iustorum
893 559 1004 616 arrimee
1027 574 1103 632 quoe

76 662 93 704 a
124 645 235 706 coelesti
266 661 354 721 regno
383 644 553 722 quibusdam
582 644 676 705 adhuc
705 645 899 703 mansionibus
929 643 1103 703 differuntur.

76 729 107 790 In
137 747 190 807 quo
220 731 362 792 dilationis
391 730 495 791 damno
525 731 594 807 quid
622 731 698 791 aliud
718 725 851 789 'innuitur
879 733 933 788 nisi
962 729 1039 806 quod
1067 730 1102 791 de
1166 747 1168 758 ¹

75 817 196 894 perfecta
216 821 323 878 iustitia
345 817 451 894 aliquid
480 820 573 877 minus
601 815 814 897 habuerunt²)‘?
858 815 939 876 Sicut
967 816 1103 889 audisio

75 905 196 990 quodam
224 922 329 982 magno
359 905 509 990 theologo,
538 903 754 981 quodquidam
775 911 834 962 tom
855 905 921 962 iusti
935 900 1042 984 'sint³),
1071 910 1104 963 ut

74 998 137 1068 post
156 998 276 1074 mortem
298 993 390 1069 puniri
409 1007 467 1055 non
490 997 659 1066 mereantur,
679 1009 733 1052 nec
751 997 847 1050 tamen
868 991 964 1050 statim
979 990 1036 1050 Dei
1057 993 1103 1051 vi-

75 1080 153 1138 sione
173 1078 309 1155 truantur,
330 1085 446 1156 propter
467 1078 614 1154 pulverem
635 1078 797 1139 venialium.

368 1216 601 1277 CAPITULUM
621 1216 808 1278 XXXVIII.

328 1323 377 1382 Do
396 1325 573 1398 purpotort'o
595 1325 690 1381 suncti
711 1323 845 1380 Poeteli.

137 1421 302 1504 Loquamur
322 1443 398 1486 nuno
420 1407 527 1502 aliquid
550 1424 585 1485 de
606 1427 779 1503 purgatorio.
821 1423 1025 1486 NOVIGIUS:
1046 1426 1105 1488 Ubi

75 1520 116 1572 est
137 1511 352 1592 purgatorium?
395 1510 635 1573 MONriCHUS:¹
659 1507 806 1588 Quantum
829 1529 864 1572 ex
885 1515 971 1571 variis
994 1513 1104 1592 coIIIgi·

74 1605 119 1658 tur
139 1601 303 1675 visionibus,
324 1601 353 1658 in
368 1598 486 1658 dirersis
507 1593 672 1658 locishuius
687 1598 793 1659 mundi.
837 1598 1010 1659 Paschasius
1031 1608 1104 1662 teste

75 1685 210 1764 Gregorio
232 1689 261 1746 in
275 1687 368 1747 calore
389 1692 543 1746 termarum
562 1681 785 1764 purgabaturffi
806 1685 964 1745 monachus
988 1679 1104 1763 quidam

72 1776 160 1834 sancti
181 1773 316 1833 Eucherii
336 1775 364 1832 in
385 1790 457 1850 rupe
478 1773 602 1849 quodam
624 1775 704 1830 iuxta
725 1771 871 1831 Treverim
893 1778 959 1849 post
983 1781 1104 1834 mortem

71 1878 143 1920 enno
164 1863 274 1938 integro
296 1861 415 1936 stetisse,
437 1866 465 1920 et
486 1862 559 1919 aeris
579 1858 790 1918 inclementiam
811 1859 916 1918 ibidem
938 1861 1105 1922 sustinuisse

69 1953 206 2006 narratur.
248 1946 306 2023 Qui
333 1964 401 2007 vero
430 1946 466 2006 de
488 1947 651 2023 purgatorio
680 1946 807 2021 dubitat,
836 1945 967 2005 Scociam
989 1955 1105 2026 pergat,

68 2035 263 2111 purgatorium
284 2035 375 2093 sancti
395 2034 509 2093 Patricii
538 2035 636 2108 Intret,
666 2037 695 2091 ct
723 2031 758 2092 de
785 2036 955 2109 purgatoriis
963 2030 983 2114 ⁵)
1005 2037 1105 2110 poenis

70 2121 191 2197 amplius
205 2137 262 2179 non
278 2119 428 2180 dubitabit.
462 2117 666 2179 NOVICIUS:
686 2119 801 2179 Vellem
814 2119 922 2195 aliquid
937 2123 1006 2180 certi
1020 2119 1105 2182 nosse

71 2207 105 2267 de
122 2207 224 2267 eodem
239 2209 412 2284 purgatorio,
435 2204 503 2282 quid
526 2209 570 2282 sit,
592 2206 731 2281 reiquae
754 2223 843 2268 consa
861 2205 936 2266 illius
959 2198 1106 2268 exstiterit.

69 2291 303 2356 MONACHUS:
333 2291 405 2352 Cum
427 2301 542 2353 sanctus
564 2293 705 2352 Patricius
733 2298 847 2370 gentem
875 2293 954 2352 illam
983 2311 1106 2355 conver·
1143 2303 1144 2308 ’

70 2386 156 2455 teret,
187 2386 216 2440 et
238 2379 273 2439 de
294 2382 394 2458 poenis
415 2380 517 2439 futuris
539 2377 749 2459 dubitarentt),
775 2381 908 2454 precibus
939 2381 1060 2442 obtinuit
1088 2401 1107 2440 a

70 2467 134 2542 Deo
156 2467 251 2526 locum
273 2467 361 2526 Illum.
403 2467 456 2526 Est
477 2474 574 2526 autem
594 2467 672 2526 fossa
693 2466 808 2525 humilis
830 2483 910 2526 muro
935 2468 1055 2546 vallata3
1079 2476 1108 2530 et

70 2561 137 2635 sunt¹
157 2555 196 2614 ibi
218 2553 385 2630 Regulares.
427 2553 493 2613 Non
515 2559 560 2613 est
580 2560 714 2629 peccator
736 2552 809 2613 adeo
831 2571 954 2630 magnus
977 2558 1022 2614 cui
1051 2555 1107 2620 alia

71 2641 226 2702 satisfactio
248 2643 426 2717 iniungatur,
455 2658 543 2716 quem
564 2647 596 2699 ut
617 2659 675 2706 una
696 2646 781 2701 nocte
803 2642 832 2698 in
856 2641 957 2701 eodem
979 2644 1015 2700 sit
1036 2660 1107 2718 pur·

71 2729 189 2804 gatorio.
231 2727 384 2788 Volentem
405 2728 524 2802 intrare,
546 2729 702 2803 praemisse
724 2727 917 2803 consessione,
947 2731 1107 2788 communi-

72 2821 138 2874 cant
159 2819 188 2874 et
210 2816 358 2891 inungunt,
379 2813 542 2874 thurificant
562 2821 591 2874 et
611 2817 761 2874 instruunt
803 2813 939 2890 Videbis,
959 2817 1107 2892 iuquiunt,
1145 2859 1146 2864 η

72 2899 127 2964 hec
149 2907 234 2960 nocte
256 2900 378 2960 insultus
401 2900 581 2976 daemonum,
603 2906 632 2960 et
652 2917 760 2977 poenas
781 2899 946 2977 horribiles3
977 2901 1108 2962 sednon

72 2990 207 3066 poterunt
229 2995 257 3048 te
279 2986 407 3062 laedere,
436 2989 461 3046 si
480 3005 585 3046 nornen
607 2985 680 3048 Josu
702 3002 814 3063 semper
836 2987 969 3047 habueris
991 2991 1020 3047 in
1050 3005 1107 3050 ore.

74 3074 158 3154 Quod
172 3077 196 3134 si
218 3073 405 3134 doemonibus
426 3074 638 3135 blandientibus
653 3077 713 3134 sive
728 3075 899 3134 terrentibus
923 3079 1108 3152 consenseris,

73 3170 100 3222 et
120 3159 225 3222 'Iesum
245 3163 379 3220 invocare
401 3161 567 3238 neglexeris,
587 3163 702 3236 peribis.
745 3160 837 3237 Quem
858 3163 887 3218 in
909 3179 1031 3238 vespera
1051 3182 1108 3241 po-

71 3256 172 3308 nentes
194 3265 280 3324 super
300 3249 416 3322 fossam,
436 3247 531 3308 locum
554 3247 699 3323 claudunt,
721 3251 749 3307 et
770 3264 854 3307 mane
876 3256 1062 3327 revertentes,
1084 3253 1108 3311 si

72 3351 128 3396 uon
144 3337 341 3412 comparuerit,
362 3334 439 3394 ultro
452 3351 510 3394 non
527 3331 747 3415 exspectatur²).
789 3333 874 3407 Multi
894 3337 934 3396 ibi
945 3339 1108 3413 'perierunt

72 3421 154 3481 multi
175 3425 261 3482 etiem
283 3423 390 3481 reversi
410 3428 490 3499 sunt3
514 3438 634 3497 quorum
655 3423 778 3481 visiones
800 3440 818 3481 a
838 3422 990 3498 praedictis
1012 3425 1108 3483 iratri-

72 3509 126 3570 bus
149 3509 327 3586 conscriptae
349 3514 423 3584 sunt,
445 3515 475 3570 et
494 3507 658 3569 volentibus
678 3509 782 3569 intrare
803 3511 998 3569 ostenduntur.

91 3626 122 3696 1)
134 3624 176 3679 CF
190 3625 279 3678 locus
297 3625 537 3694 quantumlibet
551 3624 732 3679 deliciosus
747 3629 974 3696 purgatorium
992 3627 1107 3680 eisest.

142 3723 175 3736 -
194 3696 227 3762 2)
244 3696 349 3764 Gregor.
361 3695 423 3746 Dial.
440 3695 482 3760 IV,
500 3697 541 3749 25.
560 3727 593 3744 -.-
611 3697 643 3765 3)
661 3695 699 3749 GP
720 3705 803 3749 sunt.
823 3727 853 3736 -
864 3698 905 3764 tl)
924 3697 1026 3766 Gregor.
1043 3696 1107 3750 Diel.

141 3763 185 3829 tv,
201 3765 243 3816 40.
263 3793 292 3805 -
313 3765 345 3834 5)
362 3764 402 3818 BP
420 3767 615 3835 purgatorii.
633 3795 664 3806 -
684 3766 716 3834 6)
733 3765 755 3818 E
778 3765 1003 3818 dubitassent.
1023 3795 1054 3806 —
1075 3767 1108 3836 7)

142 3834 163 3888 B
181 3843 383 3903 exspectant.
