2512 4254
276 303 331 364 Du
350 300 535 366 emensis
556 295 791 366 VISIONIBUS.
1001 299 1061 362 tlt

382 417 615 522 ournuuuu
636 459 733 534 xuu.

94 565 138 626 Dc
156 581 256 626 sorore
278 563 426 626 dimano
448 583 526 642 qaue
547 565 620 626 vidit
642 566 781 642 oppetam
797 570 1005 642 praesentato·

409 669 474 713 rem
501 655 681 714 animamur

99 753 181 814 Somr
201 753 344 816 Christina
365 755 402 816 do
414 755 645 817 Volmuntstoiuo
665 753 888 816 sanctimonialis
907 755 937 812 in
953 753 1064 830 Bergis,

47 841 116 900 cuius
141 843 169 900 in
194 844 387 919 superioribus
413 845 543 920 memini,
570 849 668 902 tautae
696 842 789 902 luerat
808 841 1004 919 perfectiouis,
1032 846 1065 899 nt

48 941 167 1003 praesens
178 929 240 990 ulta
253 930 279 989 ei
300 929 532 1006 essetintaedlo,
554 933 583 989 et
605 947 680 989 mors
694 929 723 988 in
741 928 889 990 desiderio.
920 928 1063 1004 Tempore

48 1011 159 1090 quodam
189 1015 425 1094 quadragesimali
453 1034 519 1077 curn
547 1034 578 1076 se
606 1019 637 1076 in
663 1018 792 1094 proximo
814 1011 929 1076 Pascha
949 1018 1065 1091 putaret

49 1113 101 1160 esse
120 1103 290 1178 morituram,
311 1109 406 1164 mente
427 1101 569 1164 excedens
589 1109 673 1180 rapta
694 1109 738 1163 est
758 1101 897 1163 inlocum
919 1100 1064 1162 amoenis-

49 1187 144 1264 simum,
163 1185 241 1248 haud
263 1188 382 1249 dubium
402 1193 470 1266 quin
490 1193 520 1250 in
534 1190 707 1266 paradisum.
749 1185 785 1250 In
806 1207 863 1266 quo
885 1185 959 1248 vidit
975 1188 1064 1248 altare

48 1275 100 1332 miri
118 1273 232 1352 decoris,
254 1279 284 1336 et
303 1284 370 1337 ante
384 1278 473 1337 altare
490 1277 598 1360 multae
613 1279 788 1338 reverentiae
801 1293 962 1354 personam,
984 1276 1065 1334 ouius

48 1357 210 1436 pulchritudo
224 1362 437 1424 inaestimabilis
452 1367 513 1424 erat
533 1363 625 1424 nimis.
662 1361 757 1440 Quam
779 1381 845 1424 cum
862 1365 1065 1440 interrogasset

49 1444 137 1526 quam)
158 1455 247 1527 esset,
273 1449 321 1510 uel
342 1453 422 1511 cuius
444 1449 543 1528 cilicii,
571 1450 730 1528 respoudit:
759 1447 823 1528 Ego
845 1469 909 1510 sum
930 1447 1067 1508 Archan-

50 1533 117 1609 gelus
142 1539 190 1612 qul
216 1543 367 1616 praesento
396 1531 506 1598 animas
536 1546 602 1598 aute
623 1535 728 1598 Deum.
770 1537 808 1596 Et
828 1535 891 1597 illa:
919 1531 1066 1610 Numquid

51 1619 146 1682 domiue
177 1629 205 1682 ct
239 1627 350 1684 animas
379 1621 414 1685 de
448 1623 546 1686 ordine
578 1632 676 1684 nostro
714 1621 899 1701 praesentas?
956 1623 1066 1696 Etiam,

50 1707 134 1783 iuquit
173 1708 308 1771 Onnrium
329 1711 358 1770 in
381 1711 479 1773 ordine
500 1717 550 1772 tuo
571 1713 645 1772 bene
668 1715 826 1772 viventium
847 1709 972 1783 animas,
999 1725 1066 1768 mo-

52 1793 188 1856 rachomm
199 1795 339 1876 videlieet,
361 1816 561 1860 conversorum
576 1803 604 1860 ei
619 1799 884 1873 sanctimonialium,
907 1813 961 1874 ego
979 1811 1067 1871 prae-

53 1887 119 1942 usuto
143 1887 207 1944 aute
228 1881 334 1945 Deum.
381 1885 420 1945 Et
447 1885 565 1948 adiecit:
593 1883 658 1946 Non
687 1885 774 1946 modo
796 1885 937 1960 morieris,
965 1877 1067 1942 sedin

54 1971 160 2042 proximo
180 1969 303 2032 Pascha
346 1969 432 2050 Quod
459 1976 514 2044 iia,
530 1975 638 2034 lactum
660 1979 713 2034 est.
754 1969 829 2032 Nam
850 1989 917 2032 cum
936 1987 988 2046 per
1008 1967 1064 2030 ali-

54 2061 111 2128 quot
129 2053 185 2118 dies
198 2065 366 2136 aegrotaret,
388 2067 417 2121 ct
437 2078 511 2137 peue
526 2059 651 2137 quotidie
665 2061 896 2134 communicaret,
914 2059 945 2116 in
960 2055 1065 2134 agonia

54 2143 130 2215 posita
154 2147 288 2205 viaticum
317 2145 371 2206 sibi
399 2147 460 2207 dari
486 2144 617 2228 petiit²),
647 2165 712 2207 cum
740 2163 797 2223 quo
824 2145 953 2206 nondum
980 2142 1065 2220 plene
1117 2219 1122 2232 ἱ

54 2231 191 2308 masdcato,
211 2234 341 2310 spiritum
354 2233 476 2295 reddidit
498 2235 587 2295 coelo.
631 2233 704 2294 Cum
726 2240 802 2294 esset
815 2231 911 2293 adhuc
931 2234 961 2289 iu
977 2247 1064 2308 prae-

56 2311 116 2375 dicto
140 2321 240 2380 mentis
261 2335 381 2381 excessu
401 2322 572 2383 venerabilis
594 2323 673 2400 virgo
696 2317 854 2397 masena,
881 2318 953 2379 vidit
979 2333 1066 2394 super

55 2397 127 2462 altare
141 2401 262 2469 'mitram
289 2409 387 2484 magni
413 2409 522 2490 decoris
543 2399 724 2485 pendentem.
765 2406 804 2465 Et
824 2425 891 2467 cum
910 2387 1067 2482 requireret

56 2483 85 2546 ab
93 2491 183 2567 angelo
198 2489 266 2569 quid
279 2495 405 2556 futurum
420 2503 494 2556 esset
505 2495 540 2555 de
551 2497 646 2562 anima
657 2489 804 2555 cuiusdam
814 2491 970 2554 sacerdotis
980 2507 1067 2567 quem

57 2577 193 2648 specialiter
214 2579 362 2660 diligebat,
383 2585 463 2643 ouius
484 2589 553 2642 tuno
573 2579 789 2658 recordabatur,
810 2577 970 2659 respoudit:
993 2577 1067 2636 Cum

58 2659 147 2740 uhioni,
165 2669 248 2727 mitra
268 2665 356 2749 hao³)
376 2669 465 2746 ‚capiti
486 2671 546 2730 eius
567 2669 707 2745 imposita,
729 2673 796 2728 ante
808 2665 967 2727 Dominum
986 2664 1067 2722 illum

58 2753 255 2824 repraesentabo
267 2749 298 2836 r),
347 2755 549 2817 NOVICIUS:
583 2753 676 2835 Quem
705 2761 790 2832 putas
818 2753 953 2832 angelum
980 2754 1068 2810 istum

57 2831 144 2896 luisse?
193 2837 428 2904 MONACHUS:
463 2843 601 2904 Sanctum
628 2841 826 2920 Mychaelem,
859 2842 907 2917 qui
936 2843 969 2897 ut
1000 2835 1068 2896 dicit

58 2926 188 2987 maturitas
207 2931 386 3004 praepositus
408 2937 451 2990 est
472 2929 604 3008 paradisi:
647 2929 756 2991 Ceteris
777 2928 853 2989 enim
870 2923 979 3002 augelis
1001 2921 1068 2982 dili·

58 3012 148 3081 aanor
172 3021 215 3074 est
243 3014 320 3076 cuca
347 3033 438 3092 genus
458 3016 625 3078 humanum.
667 3015 751 3078 Unde
772 3017 802 3074 in
822 3011 945 3074 Daniele
964 3009 1069 3089 legitur

59 3089 126 3156 disse
149 3103 279 3179 princeps
306 3099 428 3163 filiorum
454 3100 583 3185 rauseis).
625 3099 701 3164 Hinc
729 3109 774 3163 est
801 3099 880 3178 quod
899 3116 983 3159 suam
1004 3115 1068 3158 me-

59 3183 156 3245 midam
181 3189 211 3248 in
237 3191 318 3249 terris
340 3188 439 3250 haberi
459 3193 563 3266 voluit,
591 3196 624 3250 ut
644 3192 682 3250 ab
702 3185 866 3250 homiuibus
888 3186 924 3247 de
947 3203 1069 3262 quorum

58 3266 132 3332 saluta
143 3289 253 3354 semper
260 3273 281 3357 ⁶)
296 3273 432 3337 sollicitus
446 3285 497 3354 est,
518 3283 727 3356 agnosceretur,
749 3275 918 3354 diligeretur,
939 3280 969 3334 et
981 3274 1069 3334 obse·

59 3357 327 3427 annumeraretur.
369 3361 573 3426 NOV'ICIUS:
603 3363 679 3442 Quid
708 3367 732 3424 si
759 3363 790 3426 in
811 3361 907 3440 aliquo
928 3359 992 3422 loco
1014 3357 1069 3417 sibi
1166 3405 1170 3414 ,

59 3438 173 3518 deprimo
189 3451 282 3510 minus
296 3450 469 3510 veneraturi
502 3447 737 3513 MONACHUS:
759 3449 805 3510 Ibi
826 3456 856 3510 et
875 3449 986 3508 minora
1008 3446 1070 3504 eius

59 3523 175 3593 beneficia
202 3539 399 3614 experiuntur,
427 3540 467 3599 ita
494 3545 528 3598 ut
555 3538 709 3618 aliquando
739 3539 825 3598 etiam
845 3529 1076 3616 praesentialiter·

58 3612 261 3768 legleonssoedere
289 3623 434 3701 uideatur,
462 3625 620 3686 secundum
648 3627 841 3686 testimonium
868 3617 1070 3694 subsequentis

75 3797 99 3866 1)
112 3802 130 3856 Β
145 3805 237 3870 Quem
252 3838 287 3848 -
305 3809 389 3878 quia
407 3835 439 3852 ·-·
457 3811 489 3878 2)
512 3809 554 3865 BG
575 3811 707 3878 petiuit.
726 3837 756 3850 -
776 3809 808 3876 3)
825 3801 910 3859 ΛΟΒΡ
932 3802 1017 3852 haec
1036 3823 1069 3835 -

115 3873 143 3941 ⁴)
153 3873 193 3930 ΒΟ
207 3878 428 3946 praesentabo.
438 3909 472 3922 -
481 3881 514 3949 5)
525 3877 596 3932 lieni.
608 3879 650 3943 to,
659 3879 701 3932 13.
712 3907 742 3920 -
751 3875 920 3944 6)ιοπιροι
936 3865 985 3920 add
994 3863 1069 3916 alil).
