2506 4254
386 271 442 330 DE
463 269 745 330 MORIENTIBUS.
1019 271 1080 328 269

65 392 255 454 delectabilem
298 391 443 452 Grae-ibus
463 393 689 466 mccinmubm,
708 390 851 466 puellares
872 407 958 450 voces
978 407 1081 450 ascen·

64 480 166 555 debant,
185 481 321 540 iacientes
342 479 500 556 dvapason.
542 479 631 538 Cuius
649 479 750 553 organi
764 479 934 536 samrimtem
956 477 1083 538 humana

62 566 195 626 infirmitas
223 569 373 626 aestimare
400 583 458 626 non
486 573 589 641 potest
630 565 792 624 Admiranti
820 564 889 622 milri
916 565 1080 638 superbis,

63 655 141 712 astitit
153 653 267 728 qnidam
281 656 309 710 in
322 653 424 712 babitu
437 651 601 726 venerabili,
619 652 729 710 dicens:
751 650 829 726 Quid
842 650 971 709 miraris?
999 650 1081 710 Haec

64 747 102 797 cst
118 739 177 799 lans
197 741 288 800 Verbi
308 739 374 799 Dei.
416 740 541 798 Etcum
563 739 635 798 haec
657 739 788 811 dixisset,
816 736 1003 812 psallentibus
1026 737 1081 796 ad·

63 828 163 885 iunctus
183 833 235 901 est,
256 835 287 885 et
305 833 367 885 tota
387 829 491 885 virtute
504 825 655 901 psallebat.
697 825 810 883 Interea
827 830 940 899 gratum
961 826 1083 882 occurrit

62 913 252 988 spectaculum.
284 913 428 972 Videbam
449 920 567 972 stratam
588 915 747 986 speciosam
768 927 855 986 super
875 927 922 969 me
937 909 1081 980 directam,

62 1001 108 1058 iter
133 1017 148 1058 e
173 1003 254 1059 terris
282 1001 311 1058 in
333 1000 445 1060 coelum
466 1001 659 1074 praebentem.
702 998 784 1057 Unus
806 1015 841 1057 ex
861 999 965 1056 nostris
986 999 1081 1056 subito

62 1085 93 1145 dc
111 1086 201 1146 medio
213 1087 313 1160 iactus,
334 1086 410 1145 hanc
430 1089 575 1161 ingressus
596 1101 720 1160 supema
740 1101 830 1161 regna
848 1085 974 1159 petebat
1004 1083 1082 1142 bae-

61 1173 192 1232 tabundus
206 1180 235 1233 et
247 1173 376 1246 laudans,
396 1173 563 1250 angelorum
578 1171 701 1230 vallatus
715 1174 813 1246 copiis,
833 1171 999 1246 nullumque
1011 1188 1082 1246 pas·

61 1277 104 1318 sua
123 1262 234 1320 omnino
260 1259 424 1333 discrimen,
449 1259 529 1319 coelo
550 1265 681 1334 receptus
703 1264 755 1317 est
797 1258 1002 1318 Verumtamen
1022 1257 1081 1316 sra-

62 1353 98 1404 ter
123 1345 166 1406 ille
194 1364 251 1406 non
276 1353 321 1406 est
340 1346 409 1405 mibi
430 1346 595 1422 designatus
616 1363 652 1404 ex
673 1347 796 1403 nomine.
839 1343 963 1419 Quidam
984 1351 1081 1404 autem

61 1431 295 1493 calumniabantur
314 1433 413 1492 batres
433 1441 562 1504 nostros,
591 1431 648 1490 duo
670 1432 849 1504 obicientes,
876 1432 983 1490 scilicet
1003 1432 1081 1506 quod

62 1517 188 1580 ddunctis
208 1521 342 1580 fratribus
363 1519 489 1579 debitam
509 1521 676 1595 pensionem
696 1518 873 1594 negligenter
893 1516 1080 1596 solverentb,

61 1613 86 1664 et
102 1613 209 1667 veteres
229 1610 342 1667 tunicas
362 1623 420 1667 non
434 1608 531 1665 statim
552 1623 619 1666 cnm
632 1621 723 1664 novas
736 1606 902 1678 reciperent,
923 1604 1081 1664 redderent

61 1691 89 1750 ln
115 1693 201 1754 altero
230 1709 277 1754 me
305 1694 554 1769 reprehensibilem
583 1692 680 1768 doleo,
712 1697 828 1766 propter
850 1697 983 1766 urgentes
1006 1693 1080 1750 enim

61 1796 159 1856 causas,
177 1781 283 1840 missas
303 1780 430 1840 nondum
451 1780 575 1855 persolvi
597 1771 670 1854 quas
691 1778 793 1850 debeo,
816 1777 869 1836 sed
891 1778 1081 1853 quamplura

61 1867 182 1939 psalteria
210 1867 276 1926 dixi.
322 1867 388 1926 Deo
417 1870 491 1926 enirn
512 1868 619 1944 gratias
640 1881 711 1940 ago,
736 1865 814 1924 labia
841 1881 907 1924 mea
933 1881 1080 1941 nunquam

62 1955 142 2012 otiosa
159 1955 274 2012 fuerunt
294 1953 418 2012 alaude
439 1955 504 2014 Dei
546 1953 629 2012 Haec
650 1958 818 2026 prosecutus
841 1957 898 2025 est,
926 1958 956 2010 ot
977 1969 1080 2012 conse-

62 2047 169 2112 quenter
196 2041 234 2100 ab
264 2040 319 2100 hac
347 2040 411 2100 luce
434 2041 614 2113 subtractus,
645 2039 733 2097 fidem
760 2038 826 2098 tecit
856 2038 947 2096 dictis.
990 2039 1081 2098 Aiunt

61 2124 91 2184 de
110 2143 142 2186 co
164 2125 242 2202 quod
262 2129 292 2185 in
314 2129 499 2186 exterioribus
520 2143 623 2202 agens,
645 2142 731 2200 saepe
752 2141 804 2199 per
825 2124 899 2184 diem
922 2125 979 2184 duo
1001 2125 1080 2200 psel-

62 2215 122 2272 teria
141 2213 234 2274 dicere
256 2213 356 2273 solitus
378 2220 461 2274 esset.
503 2214 690 2289 Perspicuum
713 2218 756 2270 est
774 2211 851 2286 quod
866 2212 952 2270 stater
972 2211 1019 2271 ille
1032 2215 1081 2286 qui

61 2299 144 2359 subito
165 2300 201 2360 de
222 2299 316 2359 medio
336 2301 438 2376 factus,
459 2317 524 2359 cum
546 2300 653 2359 honore
668 2298 783 2358 coelesti
805 2298 907 2357 deduci
929 2301 1007 2358 visus
1029 2304 1081 2373 est,

60 2385 142 2459 ipsum
162 2387 332 2464 Meynerum
353 2390 423 2446 satis
445 2387 588 2463 eleganter
610 2387 761 2460 expressit,
789 2385 912 2444 evidenti
934 2384 1080 2446 declarans

60 2471 160 2548 indicio,
181 2473 258 2550 quod
280 2473 407 2533 velocius
424 2481 515 2533 morte
529 2474 724 2546 subveniente,
746 2475 806 2531 sine
829 2475 905 2531 omni
921 2473 1080 2532 discrimine

61 2562 216 2620 transiturus
239 2566 315 2620 esset
336 2560 371 2619 de
393 2563 531 2637 pressuris
553 2559 591 2618 ad
608 2559 738 2634 gloriam,
761 2559 796 2618 de
818 2567 908 2619 morte
931 2560 969 2620 da
982 2563 1081 2632 vitam,

60 2641 212 2707 demando
234 2645 272 2707 ad
288 2646 440 2722 Christum,
462 2649 507 2706 cui
529 2653 574 2705 est
594 2646 686 2705 honor
708 2652 737 2704 et
752 2648 902 2721 imperium
924 2645 1080 2707 insaecula

59 2733 235 2794 oecononum.
276 2732 381 2794 Amen.

407 2923 641 2984 CAPITULUM
656 2923 717 2984 ΙΙΙ.

154 3044 201 3104 Dc
220 3053 315 3105 morte
342 3045 506 3106 Ysenbordc'
526 3048 666 3116 sacristae
687 3046 814 3105 eiusdem
836 3045 973 3104 coenobii

113 3163 289 3242 Aegrotabat
309 3169 339 3226 in
361 3167 461 3228 eodem
479 3169 619 3228 coenobio
641 3167 774 3231 sacerdos
789 3163 1003 3248 Ysenbardus2)
1026 3183 1079 3226 no·

60 3249 133 3326 mine,
154 3259 248 3312 custos
271 3253 416 3330 ecclesiae,
438 3255 502 3331 plus
525 3273 610 3330 quam
627 3257 800 3314 tricesimum
815 3271 921 3313 annum
943 3271 1031 3331 agens
1052 3256 1080 3312 in

60 3333 153 3412 ordine,
175 3340 262 3399 etad
284 3347 410 3401 extrema
423 3341 578 3418 perductus
601 3349 652 3400 est.
695 3340 794 3400 Media
815 3348 899 3400 nocte
921 3359 985 3400 oum
995 3338 1015 3420 ³)
1030 3357 1080 3400 su·

60 3434 103 3492 per
121 3441 182 3484 eum
204 3429 394 3488 ministrorum
415 3428 543 3504 vigilaret
565 3429 718 3505 diligentia,
739 3428 889 3487 audierunt
910 3447 974 3488 eum
997 3423 1079 3506 levi‘)

60 3513 170 3570 susurrio
191 3515 280 3574 verba
301 3531 411 3575 sonare.
454 3515 655 3591 Timentesque
677 3532 714 3574 ne
731 3517 814 3573 morti
828 3518 973 3591 proximus
987 3511 1081 3572 aliena

59 3587 213 3678 loqueretur,
231 3602 273 3662 ori
286 3599 428 3676 loquentis
441 3619 510 3662 aure
524 3601 660 3677 adhibita,
676 3602 873 3661 intellexerunt
886 3602 974 3661 verba
989 3597 1080 3658 subli-

76 3759 138 3828 ¹JD
159 3768 397 3905 ¹³43¹f3⁰1¹n·'⁰⁰‘'
417 3799 448 3810 -
467 3771 499 3838 2)
517 3767 583 3822 Bou
601 3770 836 3823 isenbrandua
857 3799 887 3810 -
912 3771 943 3837 3)
961 3767 982 3820 B
1000 3766 1080 3820 dum.

122 3863 150 3874 ·—
269 3855 328 3891 enr.
