2512 4254
173 264 234 328 160
481 262 708 338 DISTINCTIO
731 261 898 326 OCTAVA

84 389 86 392 ’
169 387 366 446 antemitatem
388 384 508 462 Spiritus
540 388 641 462 sancti3
669 404 721 466 per
746 392 856 464 septem
885 385 975 460 soles,
1004 390 1111 462 septem
1136 386 1188 444 eius

171 472 261 550 dona,
283 451 387 549 qinons
409 474 485 533 bono
508 475 638 552 exemplo
661 471 789 536 eiusdem
811 475 1038 554 congregationis
1058 473 1188 552 provincia

171 566 233 625 erat
251 559 444 622 illuminanda

507 715 741 777 CAPITULUM
766 715 863 776 XCII.

170 841 219 900 De
228 839 386 916 liudolpho
397 841 449 915 qui
469 840 557 898 illotis
578 837 715 900 manibus
737 842 835 900 timuit
856 845 978 916 tenpore
999 827 1189 916 amasenus

235 961 360 1038 Quidam
382 978 535 1020 conversus
557 963 606 1036 qui
635 977 700 1020 curn
728 961 830 1022 eodem
857 967 999 1021 conventu
1021 963 1121 1020 missus
1140 965 1189 1033 est,

170 1049 340 1124 Rudolphus
361 1051 484 1122 nomine,
505 1051 548 1106 vir
570 1050 663 1124 bonus
685 1066 719 1108 ae
741 1049 904 1126 religiosus,
926 1066 991 1108 eum
1013 1048 1061 1108 did
1081 1045 1189 1124 quedam

171 1137 207 1196 de
221 1139 333 1212 privata
345 1137 470 1210 veniens,
489 1135 575 1195 illotis
596 1137 727 1194 manibus
750 1139 904 1195 oratorium
925 1141 1054 1194 nostrum
1075 1137 1189 1204 intraret,

171 1230 201 1283 ct
229 1240 264 1282 ex
293 1223 391 1282 ordine
419 1239 450 1281 se
480 1239 631 1299 aspergere
653 1229 810 1299 teneretur,
835 1224 998 1282 Intrasses
1021 1223 1189 1300 cogitationes

87 1307 91 1316 '
171 1309 265 1370 dicere
287 1312 393 1385 coepit:
421 1309 508 1384 Aque
533 1310 605 1368 haec
626 1317 726 1368 sancta
746 1317 790 1369 est
811 1317 841 1370 et
861 1309 1027 1384 benedicta,
1048 1326 1100 1369 nec
1121 1309 1189 1381 decet

171 1403 204 1456 ut
238 1399 369 1456 manibus
394 1396 546 1455 immundis
572 1404 600 1455 te
629 1396 678 1456 illa
706 1413 850 1474 asperges.
900 1396 954 1456 Cui
981 1414 1050 1456 mox
1081 1397 1108 1454 iu
1135 1408 1190 1454 aare

170 1500 229 1543 vox
262 1484 337 1543 clere
347 1479 364 1562 ¹)
397 1483 554 1562 respondit:
589 1482 672 1558 Quod
705 1501 759 1560 ego
791 1483 943 1558 mundavl,
974 1490 1007 1542 tu
1035 1500 1091 1542 uon
1119 1487 1189 1558 potes

171 1570 307 1647 polluere.
348 1569 387 1628 Et
415 1573 550 1646 cognovit
577 1571 617 1628 ibi
644 1573 735 1646 magis
757 1569 821 1630 Deo
844 1570 992 1646 displicere
1013 1569 1188 1628 Immundltias

172 1657 266 1719 cordis
287 1675 374 1733 quam
396 1658 529 1734 corporis.
571 1657 606 1716 In
627 1659 739 1717 animae
760 1660 883 1733 puritate
904 1657 986 1717 Deus
1008 1656 1164 1717 delectatur.
1240 1729 1241 1740 ἵ

506 1811 738 1874 CAPITULUM
758 1811 871 1874 XCIII.

172 1933 220 1994 De
241 1935 456 2026 mooacliopui
476 1935 509 1994 ta
529 1952 646 1994 accessu
665 1934 774 2010 fuctus,
795 1935 950 2011 propriam
970 1933 1045 1994 uidit
1066 1933 1189 1992 animun.

236 2055 381 2119 Monacho
416 2056 530 2118 cuidam
562 2058 644 2118 Deus
680 2056 830 2118 ostendere
865 2055 966 2118 uolens
997 2058 1107 2120 enimse
1131 2067 1189 2114 suae

172 2145 332 2220 puritatem,
353 2147 382 2203 in
404 2161 553 2204 excessum
567 2144 760 2206 mentisillum
781 2143 909 2206 adduxit
951 2143 986 2202 In
1008 2160 1065 2220 quo
1087 2155 1189 2204 meses

172 2249 295 2310 puerum
332 2231 552 2307 pulcherrimum
586 2233 660 2290 intra
695 2249 748 2290 sua
779 2233 889 2290 viscere
921 2229 1123 2306 contemplatus
1147 2231 1188 2288 est

173 2317 223 2381 Ad
239 2336 270 2380 se
282 2323 380 2379 antem
401 2335 539 2393 reversus,
560 2317 697 2378 intellexit
718 2317 840 2378 eundem
860 2318 947 2378 fnisse
969 2319 1094 2378 animam
1112 2329 1188 2386 man,

172 2404 229 2474 Dei
256 2422 373 2468 munere
401 2406 438 2465 ab
461 2408 539 2465 omni
559 2405 625 2470 labe
647 2407 795 2466 eriminum
815 2404 991 2467 mundatam.
1032 2404 1107 2466 Puer
1126 2401 1186 2460 euim

170 2509 191 2554 a
217 2489 370 2572 puritates)
396 2492 496 2556 dictus
530 2497 582 2552 est.
635 2489 838 2553 Novmrusz
866 2491 941 2552 Puto
978 2490 1055 2567 qnod
1082 2505 1135 2552 nou
1158 2486 1188 2544 sit

170 2583 264 2654 tutum
291 2581 327 2644 si
344 2579 431 2640 homo
459 2580 554 2640 multis
582 2579 791 2641 consolationes
818 2596 885 2642 suas
917 2580 1085 2660 manifestet.
1123 2570 1186 2636 ΜΟ-

170 2664 345 2734 NAOHUS:
359 2666 417 2729 Per
437 2665 542 2728 multos
562 2666 676 2732 labores
698 2671 727 2726 st
748 2668 933 2740 tentationes,
954 2671 983 2724 et
1005 2664 1060 2725 hoc
1081 2667 1186 2732 seuseu,

170 2752 284 2820 divinae
298 2751 506 2817 consolationes
519 2752 723 2841 adipIscuntur,
740 2760 769 2814 et
781 2751 912 2816 facillime
925 2752 1118 2814 manifestatas
1128 2746 1185 2810 sub·

168 2840 327 2910 emuntur,
347 2840 506 2917 Utrumque
517 2856 616 2904 verum
627 2857 699 2915 asse,
712 2839 830 2917 siugulis
841 2841 892 2903 tibi
903 2837 1053 2906 ostendam
1060 2833 1186 2912 exemplis.

489 3028 721 3095 cnaunnun
740 3025 887 3110 xeres)

171 3151 246 3211 ‘'Dc
266 3153 485 3212 saocdmoaiali
506 3170 584 3228 qaue
600 3159 725 3228 propter
747 3146 892 3227 defectum
912 3153 1004 3210 unius
1023 3150 1170 3228 putatitiae

243 3252 249 3260 ’
505 3239 624 3316 mtrifice
646 3239 799 3298 casolata
821 3245 870 3297 est

235 3357 308 3420 Cum
329 3377 433 3438 nuper,
460 3359 517 3424 hoc
543 3378 619 3421 anno
648 3360 819 3435 solidatio
843 3357 967 3438 quadem
990 3357 1075 3422 domo
1096 3353 1187 3420 saucti-

170 3446 336 3510 mouielium
364 3447 470 3514 ordinis
501 3451 605 3523 nocui,
634 3448 819 3512 scelleraria
846 3464 897 3523 per
918 3452 1011 3511 utum
1034 3449 1186 3514 conuentum

189 3563 220 3637 l)
238 3561 281 3618 ΟΡ
300 3561 395 3616 olere.
415 3594 445 3649 7
465 3563 497 3648 2)
514 3563 584 3617 Asu
602 3565 752 3650 pueritie.
777 3563 866 3647 llomil
885 3563 903 3615 l.
921 3579 946 3634 p.
964 3563 1013 3616 97:
1031 3563 1074 3635 „Si
1090 3564 1127 3615 ris
1141 3555 1187 3627 plt-

237 3649 359 3771 ‘titii‘
376 3643 667 3806 'iiiii'iliiiissiii
683 3643 710 3758 ii
728 3637 862 3772 {iiiiii
876 3633 1187 3778 ittttttlitlttt

237 3774 279 3898 fiili
292 3775 322 3914 Ilpa.
336 3789 441 3897 rzeignum
459 3772 594 3830 coelerum.
647 3773 720 3830 Coei.
738 3774 795 3840 vll,
813 3775 855 3826 52.
873 3772 933 3839 llll,
950 3773 1045 3834 37.,-
1063 3773 1095 3842 *J
1110 3763 1185 3824 nond
