2608 4252
156 257 195 315 18
459 257 685 320 Disrmcmo
707 257 882 321 SEPTIMA

154 383 265 437 secreta
285 395 339 438 sua
358 375 399 437 illi
418 380 610 440 manifestans.
653 381 747 440 Huius
760 383 840 441 beati
860 383 913 450 viri
934 383 1031 455 vitam
1051 378 1190 442 videlicet

155 463 247 540 qualis
264 471 330 525 ante
345 469 559 527 conversionem
572 467 655 525 fuerit
668 467 715 527 vel
727 475 801 544 post,
818 471 847 526 in
862 473 1000 543 quantum
1014 469 1086 527 scire
1099 469 1193 543 potui,

155 553 298 612 succincte
310 553 362 611 tibi
375 557 571 629 perstringam.
613 554 678 613 Non
699 555 755 614 alia
777 554 882 615 deillo
895 554 1023 630 referam,
1045 571 1132 630 quam
1155 571 1193 613 ea

156 654 230 714 quae
243 657 262 698 a
274 638 412 716 religiosis
426 642 502 714 viris,
524 643 574 714 qui
588 658 653 699 eum
667 641 799 700 viderunt
820 648 852 710 et
861 647 1009 716 noverunt,
1030 641 1100 699 mihi
1113 639 1194 700 dicta

60 741 63 755 ¹
155 731 230 784 sunt.
266 725 339 786 Cum
357 725 451 786 adhuc
469 732 545 786 esset
557 727 702 802 scholaris,
724 734 753 788 et
769 728 882 788 scholas
895 730 989 787 vitans
1002 745 1054 805 per
1070 729 1193 804 provin-

155 813 215 872 cias
238 811 415 887 discurreret,
434 820 520 872 nocte
537 812 661 889 quadam
682 816 711 873 in
726 815 810 874 domo
826 815 973 874 cuiusdam
987 815 1111 874 mulieris
1132 814 1192 874 ho-

117 971 118 982 *
155 900 323 974 spitabatur.
346 899 500 959 &unsilia
522 918 588 960 cum
605 901 724 961 haberet
738 908 824 978 caput
838 903 1007 976 scabiosum,
1031 907 1060 960 et
1071 903 1194 960 instaret

155 985 343 1060 adolescenti,
362 993 395 1045 ut
416 988 440 1045 si
462 986 569 1062 aliquid
591 995 690 1047 contm
709 988 789 1046 illum
810 990 942 1048 morbum
962 994 1061 1048 nosset
1076 985 1109 1067 ¹),
1136 987 1193 1046 sibi

157 1072 270 1147 diceret,
291 1089 420 1132 asserens
434 1073 524 1133 multa
538 1078 730 1151 experimenta
743 1075 888 1135 scholares
902 1077 982 1150 scire,
1005 1081 1033 1134 ct
1053 1077 1115 1150 ipse
1136 1089 1193 1134 ue-

155 1165 244 1236 garet,
264 1159 370 1234 illaque
391 1163 507 1236 neganti
527 1178 586 1221 non
608 1161 743 1237 crederet,
764 1162 880 1222 tandem
896 1165 1108 1238 importunitate
1129 1163 1193 1220 eius

156 1248 261 1321 victus,
277 1252 309 1305 ut
323 1263 354 1306 se
375 1249 413 1306 ab
435 1264 471 1306 ca
483 1249 623 1323 liberaret,
645 1249 805 1324 respondit:
825 1247 936 1325 Accipe
956 1249 1077 1309 barbam
1098 1246 1194 1322 Joris,

156 1331 302 1409 fuliginem
324 1339 353 1392 et
374 1333 432 1409 sal,
461 1340 490 1394 et
515 1335 561 1394 fac
591 1353 626 1394 cx
653 1338 693 1394 eis
705 1342 881 1412 nugentum.
922 1337 969 1406 Dc
992 1352 1048 1410 quo
1069 1352 1138 1394 mox
1159 1342 1195 1394 ut

155 1418 232 1478 filiae
252 1427 320 1479 tuae
342 1428 429 1496 caput
449 1423 628 1497 perunxeris,
656 1422 758 1481 melius
785 1422 912 1482 habebit
955 1421 1037 1498 Quae
1059 1439 1127 1481 cum
1148 1423 1195 1480 ci·
1302 1409 1303 1438 ¹

158 1505 223 1566 dem
243 1508 344 1566 morbo
367 1513 462 1568 esseut
482 1511 638 1583 contraria,
657 1509 724 1568 lecit
744 1515 840 1569 tamen
862 1516 965 1584 mater,
994 1511 1068 1568 sicut
1089 1508 1196 1568 edocta

156 1593 217 1668 tuit,
238 1599 267 1652 et
286 1583 382 1669 p'uella
396 1598 486 1671 citius,
507 1613 565 1654 non
579 1603 696 1671 propter
708 1593 886 1671 medicinam,
909 1595 960 1656 sed
973 1602 1089 1672 propter
1104 1595 1195 1655 scho-

156 1679 223 1740 laris
251 1682 460 1756 simplicitatem
487 1691 520 1742 ut
542 1685 655 1758 opinor,
683 1683 767 1759 plene
789 1683 941 1742 convaluit.
963 1683 1006 1726 '—
1027 1681 1094 1740 Alio
1115 1687 1195 1741 tem-

156 1783 225 1844 pore
247 1785 313 1827 cum
333 1771 363 1827 in
395 1768 480 1828 domo
511 1768 636 1845 quadam
657 1771 710 1828 sibi
731 1772 829 1846 ignota
851 1769 997 1844 dormiret,
1025 1774 1055 1828 et
1075 1774 1196 1845 propter

155 1856 354 1914 necessitatem
365 1861 484 1915 naturae
499 1855 567 1914 solis
580 1855 762 1915 femoralibus
775 1856 892 1916 indutus
906 1861 1042 1933 surgeret,
1060 1855 1196 1915 diabolus

157 1942 187 2000 in
208 1944 303 2017 specie
324 1942 419 2002 nudae
441 1941 565 2002 mulieris
585 1942 625 2001 illi
646 1959 811 2018 occurrens,
833 1943 917 2003 dorso
938 1946 1000 2002 eius
1020 1941 1099 2002 nudo
1120 1943 1195 2001 insi-

157 2027 227 2087 livit.
277 2027 371 2104 Quem
382 2025 402 2109 ²)
432 2047 498 2088 cum
525 2029 604 2088 nullo
633 2036 738 2090 conatu
767 2028 803 2088 de
832 2029 917 2089 dorso
943 2025 1029 2110 suo⁸)
1059 2035 1195 2088 excutere

158 2120 263 2192 posset,
283 2117 325 2176 sic
346 2133 437 2191 usque
459 2116 497 2175 ed
521 2123 635 2192 tempus
655 2115 821 2177 matritinalc
843 2109 1106 2196 circumrotando⁴),
1127 2131 1195 2174 ma-

158 2203 248 2278 gnum
276 2208 334 2262 tam
357 2205 482 2278 corporis
503 2221 590 2278 quam
617 2206 720 2264 mentis
748 2204 910 2279 patiebatur
922 2199 941 2284 ⁵)
972 2202 1122 2262 delectum
1151 2234 1195 2244 ·—

160 2287 314 2350 Ordinatus
333 2291 363 2348 in
384 2289 569 2365 sacerdotem,
589 2289 681 2350 iactus
703 2296 747 2349 est
763 2291 925 2366 capellanus
948 2289 1066 2349 Comitis
1080 2289 1197 2349 Losen-

159 2372 247 2455 sis⁶),
274 2379 305 2434 in
333 2383 426 2436 castro
454 2379 514 2436 eius
535 2381 639 2436 missas
660 2377 816 2436 celebrans.
857 2376 947 2435 Filius
967 2393 1036 2436 vero
1060 2375 1196 2450 Comitis,

159 2465 252 2522 sciens
272 2463 352 2521 illum
372 2467 465 2522 virum
487 2481 550 2523 esse
571 2464 728 2539 simplicem
749 2470 778 2524 et
798 2462 941 2537 timidum,
962 2470 995 2523 ut
1016 2480 1082 2523 eum
1102 2468 1196 2521 terrc-

87 2589 89 2594 .
157 2555 216 2625 ret,
244 2552 303 2608 ursi
330 2549 404 2625 pelle
433 2568 464 2610 se
491 2550 689 2626 circumdedit,
718 2556 747 2610 et
768 2568 846 2610 more
867 2551 977 2610 bestiae
998 2567 1085 2626 super
1104 2549 1196 2626 pedes

158 2653 318 2712 manusque
338 2637 488 2712 incedens,
518 2638 556 2697 ad
575 2637 669 2696 solum
690 2639 719 2695 in
742 2636 852 2713 capella
872 2636 1020 2695 sedentem
1040 2639 1081 2695 sic
1102 2637 1197 2710 venit,

158 2725 268 2800 rugitus
291 2730 390 2783 contra
409 2723 488 2783 illum
513 2727 653 2783 emittens.
696 2723 762 2800 Quo
783 2725 846 2782 riso
868 2723 1045 2782 Christianus
1065 2725 1196 2796 territus,

159 2815 189 2869 ct
215 2827 290 2886 pene
318 2817 398 2870 exta
424 2817 550 2870 mentem
577 2811 682 2884 luctus,
712 2815 824 2886 arrepto
854 2809 983 2884 cultello,
1011 2815 1072 2868 tam
1097 2807 1197 2870 valide

157 2895 237 2956 illum
260 2897 333 2958 collo
350 2900 462 2958 iuvenis
482 2897 587 2972 infixit,
608 2904 642 2955 ut
662 2903 756 2956 rueret
774 2913 848 2972 pene
868 2904 1005 2955 mortuus.
1049 2894 1106 2971 Qui
1127 2913 1197 2955 cum

158 2980 251 3063 post')
265 2985 410 3044 modicum
424 2986 598 3061 respirasset,
618 2985 721 3043 timens
737 2986 815 3043 vitae
829 2983 994 3056 sacerdotis,
1015 2984 1069 3042 ait:
1089 2983 1197 3060 Fugite

159 3069 273 3129 domine
289 3070 456 3148 Christiane,
474 3071 644 3148 quiafilium
657 3070 775 3150 Comitis
788 3069 939 3129 occidistis
966 3067 1197 3130 Moxillcterri-
1302 3131 1303 3148 ,

159 3162 207 3216 tus
234 3157 316 3234 fugit
357 3158 396 3216 Et
424 3177 490 3218 cum
509 3160 635 3219 venisset
656 3157 694 3217 ad
713 3163 826 3234 portam
847 3157 945 3231 casui,
974 3155 1044 3214 dixit
1064 3158 1196 3215 catiano:
1302 3219 1303 3240 ἢ

159 3241 265 3321 Aperi,
286 3249 315 3303 et
335 3247 396 3303 sine
417 3263 464 3304 me
485 3245 598 3322 fugare,
623 3247 691 3320 quia
711 3245 800 3303 filium
822 3241 940 3302 Comitis
961 3241 1061 3302 occidi.
1102 3241 1197 3301 Vides
1302 3255 1303 3298 ι

158 3337 267 3406 quanta
287 3329 473 3406 simplicitas?
505 3331 608 3391 Statim
628 3338 662 3389 ut
681 3331 755 3391 haec
774 3331 957 3388 innotuerunt
976 3328 1144 3403 parentibus
1165 3335 1198 3388 et

157 3417 296 3492 familiam
330 3417 500 3494 planxerunt
530 3418 625 3479 valde.
676 3414 726 3476 Ad
756 3418 923 3492 petitionem
954 3421 1052 3474 tamen
1083 3417 1197 3475 iuvenis
1302 3487 1303 3494 ἵ

159 3503 335 3565 christmm
355 3510 514 3580 revocatur,
534 3503 620 3581 culpa
639 3505 809 3581 ignoscitrn,
836 3507 935 3563 conua
955 3517 1037 3577 spem
1057 3500 1195 3563 rulnera-
1302 3497 1303 3552 l

177 3691 517 3764 1)BCPnosccret.—
537 3688 723 3758 2)1²qusm.
741 3719 774 3728 -
795 3688 828 3757 3)
844 3687 865 3738 Β
883 3685 922 3737 dc
943 3701 984 3737 se.
1003 3715 1035 3726 -
1059 3687 1092 3753 t)
1109 3686 1196 3741 ACDP

227 3759 435 3844 circueundo:
454 3788 487 3844 -3
505 3760 537 3826 5)
553 3757 798 3842 Alllll’incurrit.
817 3785 849 3796 -
867 3757 900 3877 δὲ
917 3755 1002 3820 lassu,
1019 3754 1143 3810 econio
1160 3757 1195 3810 de
1302 3757 1303 3776 ¹

228 3833 315 3898 locta,
330 3847 357 3884 ru
373 3837 501 3882 territorio
518 3827 657 3884 leodicum.
675 3857 707 3870 -
726 3826 758 3896 7)
774 3832 846 3896 port
861 3840 877 3876 a
895 3823 913 3876 d
929 3823 958 3876 B.
