<?xml version="1.0" encoding="UTF-8"?>
<!DOCTYPE html PUBLIC "-//W3C//DTD XHTML 1.0 Transitional//EN"
    "http://www.w3.org/TR/xhtml1/DTD/xhtml1-transitional.dtd">
<html xmlns="http://www.w3.org/1999/xhtml" xml:lang="en" lang="en">
 <head>
  <title>
</title>
<meta http-equiv="Content-Type" content="text/html;charset=utf-8" />
  <meta name='ocr-system' content='tesseract 3.04.00' />
  <meta name='ocr-capabilities' content='ocr_page ocr_carea ocr_par ocr_line ocrx_word'/>
</head>
<body>
  <div class='ocr_page' id='page_1' title='image "./caesariiheister02stragoog_0109.png"; bbox 0 0 2512 4254; ppageno 0'>
   <div class='ocr_carea' id='block_1_1' title="bbox 414 242 1012 338">
    <p class='ocr_par' dir='ltr' id='par_1_1' title="bbox 414 242 1012 338">
     <span class='ocr_line' id='line_1_1' title="bbox 414 242 1012 338; baseline 0.005 -24"><span class='ocrx_word' id='word_1_1' title='bbox 414 309 416 314; x_wconf 79' lang='grc'>,</span> <span class='ocrx_word' id='word_1_2' title='bbox 479 242 713 318; x_wconf 80' lang='lat' dir='ltr'><strong>nrsrmorro&#39;</strong></span> <span class='ocrx_word' id='word_1_3' title='bbox 730 253 920 319; x_wconf 80' lang='lat' dir='ltr'><strong>oornvn.</strong></span> <span class='ocrx_word' id='word_1_4' title='bbox 1010 331 1012 338; x_wconf 43' lang='grc'>,</span> 
     </span>
    </p>
   </div>
   <div class='ocr_carea' id='block_1_2' title="bbox 520 436 852 510">
    <p class='ocr_par' dir='ltr' id='par_1_2' title="bbox 520 436 852 510">
     <span class='ocr_line' id='line_1_2' title="bbox 520 436 852 510; baseline -0.003 -1"><span class='ocrx_word' id='word_1_5' title='bbox 520 436 754 510; x_wconf 73' lang='lat' dir='ltr'>CAPITULUM</span> <span class='ocrx_word' id='word_1_6' title='bbox 778 447 852 510; x_wconf 90' lang='lat' dir='ltr'><strong>XX.</strong></span> 
     </span>
    </p>
   </div>
   <div class='ocr_carea' id='block_1_3' title="bbox 96 569 1194 1294">
    <p class='ocr_par' dir='ltr' id='par_1_3' title="bbox 231 569 1144 649">
     <span class='ocr_line' id='line_1_3' title="bbox 231 569 1144 649; baseline 0.001 -18"><span class='ocrx_word' id='word_1_7' title='bbox 231 573 279 632; x_wconf 84' lang='lat' dir='ltr'><strong>De</strong></span> <span class='ocrx_word' id='word_1_8' title='bbox 302 569 441 634; x_wconf 70' lang='lat' dir='ltr'><strong>donato</strong></span> <span class='ocrx_word' id='word_1_9' title='bbox 463 589 602 634; x_wconf 81' lang='lat' dir='ltr'><strong>converso</strong></span> <span class='ocrx_word' id='word_1_10' title='bbox 623 575 676 649; x_wconf 81' lang='lat' dir='ltr'><strong>qut</strong></span> <span class='ocrx_word' id='word_1_11' title='bbox 695 575 728 632; x_wconf 83' lang='lat' dir='ltr'><strong>in</strong></span> <span class='ocrx_word' id='word_1_12' title='bbox 749 574 844 634; x_wconf 76' lang='lat' dir='ltr'><strong>eotoai</strong></span> <span class='ocrx_word' id='word_1_13' title='bbox 862 570 972 648; x_wconf 71' lang='lat' dir='ltr'><strong>faetta,</strong></span> <span class='ocrx_word' id='word_1_14' title='bbox 996 569 1144 632; x_wconf 65' lang='lat' dir='ltr'><strong>meorum</strong></span> 
     </span>
    </p>

    <p class='ocr_par' dir='ltr' id='par_1_4' title="bbox 567 659 808 720">
     <span class='ocr_line' id='line_1_4' title="bbox 567 659 808 720; baseline -0.008 0"><span class='ocrx_word' id='word_1_15' title='bbox 567 659 641 720; x_wconf 86' lang='lat' dir='ltr'><strong>oidtt</strong></span> <span class='ocrx_word' id='word_1_16' title='bbox 661 662 694 720; x_wconf 80' lang='lat' dir='ltr'><strong>ia</strong></span> <span class='ocrx_word' id='word_1_17' title='bbox 715 677 808 720; x_wconf 73' lang='lat' dir='ltr'><strong>mooe.</strong></span> 
     </span>
    </p>

    <p class='ocr_par' dir='ltr' id='par_1_5' title="bbox 96 777 1194 1294">
     <span class='ocr_line' id='line_1_5' title="bbox 230 777 1194 857; baseline -0.001 -18"><span class='ocrx_word' id='word_1_18' title='bbox 230 779 393 839; x_wconf 82' lang='lat' dir='ltr'><strong>Conversus</strong></span> <span class='ocrx_word' id='word_1_19' title='bbox 409 779 525 856; x_wconf 85' lang='lat' dir='ltr'><strong>quidam</strong></span> <span class='ocrx_word' id='word_1_20' title='bbox 547 777 626 857; x_wconf 90' lang='lat' dir='ltr'><strong>a&#39;pud</strong></span> <span class='ocrx_word' id='word_1_21' title='bbox 645 795 699 840; x_wconf 89' lang='lat' dir='ltr'><strong>nos</strong></span> <span class='ocrx_word' id='word_1_22' title='bbox 720 786 788 841; x_wconf 88' lang='lat' dir='ltr'><strong>ante</strong></span> <span class='ocrx_word' id='word_1_23' title='bbox 809 795 900 840; x_wconf 88' lang='lat' dir='ltr'><strong>annos</strong></span> <span class='ocrx_word' id='word_1_24' title='bbox 921 778 1033 856; x_wconf 76' lang='lat' dir='ltr'><strong>aliquot</strong></span> <span class='ocrx_word' id='word_1_25' title='bbox 1054 777 1194 840; x_wconf 86' lang='lat' dir='ltr'><strong>deiunotus</strong></span> 
     </span>
     <span class='ocr_line' id='line_1_6' title="bbox 166 865 1193 942; baseline -0.004 -16"><span class='ocrx_word' id='word_1_26' title='bbox 166 873 217 940; x_wconf 89' lang='lat' dir='ltr'><strong>est,</strong></span> <span class='ocrx_word' id='word_1_27' title='bbox 239 869 282 926; x_wconf 91' lang='lat' dir='ltr'><strong>vir</strong></span> <span class='ocrx_word' id='word_1_28' title='bbox 303 868 396 926; x_wconf 92' lang='lat' dir='ltr'><strong>bonus</strong></span> <span class='ocrx_word' id='word_1_29' title='bbox 417 884 452 926; x_wconf 92' lang='lat' dir='ltr'><strong>ao</strong></span> <span class='ocrx_word' id='word_1_30' title='bbox 474 869 638 942; x_wconf 80' lang='lat' dir='ltr'>timoratus,</span> <span class='ocrx_word' id='word_1_31' title='bbox 662 870 776 928; x_wconf 85' lang='lat' dir='ltr'><strong>nomine</strong></span> <span class='ocrx_word' id='word_1_32' title='bbox 799 865 957 927; x_wconf 85' lang='lat' dir='ltr'><strong>Comedus.</strong></span> <span class='ocrx_word' id='word_1_33' title='bbox 999 865 1067 942; x_wconf 87' lang='lat' dir='ltr'><strong>Ipso</strong></span> <span class='ocrx_word' id='word_1_34' title='bbox 1090 866 1193 941; x_wconf 89' lang='lat' dir='ltr'><strong>estqui</strong></span> 
     </span>
     <span class='ocr_line' id='line_1_7' title="bbox 165 951 1194 1030; baseline -0.001 -19"><span class='ocrx_word' id='word_1_35' title='bbox 165 953 237 1012; x_wconf 92' lang='lat' dir='ltr'><strong>vidit</strong></span> <span class='ocrx_word' id='word_1_36' title='bbox 257 956 286 1012; x_wconf 92' lang='lat' dir='ltr'><strong>in</strong></span> <span class='ocrx_word' id='word_1_37' title='bbox 308 952 393 1012; x_wconf 89' lang='lat' dir='ltr'><strong>dorso</strong></span> <span class='ocrx_word' id='word_1_38' title='bbox 414 953 508 1012; x_wconf 75' lang='lat' dir='ltr'><strong>fratris</strong></span> <span class='ocrx_word' id='word_1_39' title='bbox 525 953 680 1028; x_wconf 90' lang='lat' dir='ltr'><strong>Wilhelmi,</strong></span> <span class='ocrx_word' id='word_1_40' title='bbox 701 961 864 1030; x_wconf 82' lang='lat' dir='ltr'><strong>serpentem</strong></span> <span class='ocrx_word' id='word_1_41' title='bbox 886 971 952 1013; x_wconf 90' lang='lat' dir='ltr'><strong>oum</strong></span> <span class='ocrx_word' id='word_1_42' title='bbox 972 953 1003 1011; x_wconf 90' lang='lat' dir='ltr'><strong>in</strong></span> <span class='ocrx_word' id='word_1_43' title='bbox 1026 953 1114 1013; x_wconf 90' lang='lat' dir='ltr'><strong>oboro</strong></span> <span class='ocrx_word' id='word_1_44' title='bbox 1135 951 1194 1012; x_wconf 92' lang='lat' dir='ltr'><strong>dor-</strong></span> 
     </span>
     <span class='ocr_line' id='line_1_8' title="bbox 96 1038 1193 1126; baseline -0.003 -27"><span class='ocrx_word' id='word_1_45' title='bbox 96 1115 99 1126; x_wconf 34' lang='lat'>·</span> <span class='ocrx_word' id='word_1_46' title='bbox 164 1041 261 1116; x_wconf 91' lang='lat' dir='ltr'><strong>miret,</strong></span> <span class='ocrx_word' id='word_1_47' title='bbox 282 1042 355 1100; x_wconf 89' lang='lat' dir='ltr'><strong>sieut</strong></span> <span class='ocrx_word' id='word_1_48' title='bbox 377 1038 485 1100; x_wconf 90' lang='lat' dir='ltr'><strong>dietum</strong></span> <span class='ocrx_word' id='word_1_49' title='bbox 506 1046 551 1100; x_wconf 90' lang='lat' dir='ltr'><strong>est</strong></span> <span class='ocrx_word' id='word_1_50' title='bbox 570 1044 600 1100; x_wconf 92' lang='lat' dir='ltr'><strong>in</strong></span> <span class='ocrx_word' id='word_1_51' title='bbox 622 1041 799 1101; x_wconf 89' lang='lat' dir='ltr'><strong>distinetione</strong></span> <span class='ocrx_word' id='word_1_52' title='bbox 821 1045 923 1117; x_wconf 88' lang='lat' dir='ltr'><strong>quarta</strong></span> <span class='ocrx_word' id='word_1_53' title='bbox 944 1038 1070 1118; x_wconf 85' lang='lat' dir='ltr'><strong>capitulo</strong></span> <span class='ocrx_word' id='word_1_54' title='bbox 1092 1039 1193 1100; x_wconf 80' lang='lat' dir='ltr'><strong>trited-</strong></span> 
     </span>
     <span class='ocr_line' id='line_1_9' title="bbox 164 1125 1194 1204; baseline -0.001 -19"><span class='ocrx_word' id='word_1_55' title='bbox 164 1144 212 1186; x_wconf 92' lang='lat' dir='ltr'><strong>mo</strong></span> <span class='ocrx_word' id='word_1_56' title='bbox 248 1125 384 1186; x_wconf 87' lang='lat' dir='ltr'><strong>seeundo.</strong></span> <span class='ocrx_word' id='word_1_57' title='bbox 433 1127 490 1188; x_wconf 89' lang='lat' dir='ltr'><strong>Hie</strong></span> <span class='ocrx_word' id='word_1_58' title='bbox 525 1132 653 1204; x_wconf 90' lang='lat' dir='ltr'><strong>tempore</strong></span> <span class='ocrx_word' id='word_1_59' title='bbox 682 1127 809 1204; x_wconf 89' lang='lat' dir='ltr'><strong>quodam</strong></span> <span class='ocrx_word' id='word_1_60' title='bbox 838 1145 904 1187; x_wconf 90' lang='lat' dir='ltr'><strong>oum</strong></span> <span class='ocrx_word' id='word_1_61' title='bbox 931 1127 962 1186; x_wconf 92' lang='lat' dir='ltr'><strong>in</strong></span> <span class='ocrx_word' id='word_1_62' title='bbox 990 1126 1078 1187; x_wconf 92' lang='lat' dir='ltr'><strong>domo</strong></span> <span class='ocrx_word' id='word_1_63' title='bbox 1105 1131 1194 1186; x_wconf 83' lang='lat' dir='ltr'><strong>nostra</strong></span> 
     </span>
     <span class='ocr_line' id='line_1_10' title="bbox 164 1209 1194 1294; baseline -0.001 -22"><span class='ocrx_word' id='word_1_64' title='bbox 164 1213 335 1289; x_wconf 90' lang='lat' dir='ltr'><strong>Dollindorp</strong></span> <span class='ocrx_word' id='word_1_65' title='bbox 348 1209 380 1294; x_wconf 88' lang='lat'><strong>¹),</strong></span> <span class='ocrx_word' id='word_1_66' title='bbox 416 1216 462 1273; x_wconf 90' lang='lat' dir='ltr'><strong>oui</strong></span> <span class='ocrx_word' id='word_1_67' title='bbox 496 1220 642 1290; x_wconf 83' lang='lat' dir='ltr'><strong>praeerat,</strong></span> <span class='ocrx_word' id='word_1_68' title='bbox 679 1213 758 1274; x_wconf 86' lang='lat' dir='ltr'><strong>solus</strong></span> <span class='ocrx_word' id='word_1_69' title='bbox 782 1222 873 1289; x_wconf 88' lang='lat' dir='ltr'><strong>esset,</strong></span> <span class='ocrx_word' id='word_1_70' title='bbox 902 1219 931 1274; x_wconf 90' lang='lat' dir='ltr'><strong>et</strong></span> <span class='ocrx_word' id='word_1_71' title='bbox 952 1231 1091 1292; x_wconf 83' lang='lat' dir='ltr'><strong>magnum</strong></span> <span class='ocrx_word' id='word_1_72' title='bbox 1112 1211 1194 1274; x_wconf 85' lang='lat' dir='ltr'><strong>cordis</strong></span> 
     </span>
    </p>
   </div>
   <div class='ocr_carea' id='block_1_4' title="bbox 144 1283 1250 1376">
    <p class='ocr_par' dir='ltr' id='par_1_6' title="bbox 144 1283 1250 1376">
     <span class='ocr_line' id='line_1_11' title="bbox 144 1283 1250 1376; baseline 0 -18"><span class='ocrx_word' id='word_1_73' title='bbox 144 1301 209 1369; x_wconf 54' lang='lat' dir='ltr'><strong>,sui</strong></span> <span class='ocrx_word' id='word_1_74' title='bbox 226 1299 369 1360; x_wconf 82' lang='lat' dir='ltr'><strong>deiectum</strong></span> <span class='ocrx_word' id='word_1_75' title='bbox 387 1303 511 1376; x_wconf 85' lang='lat' dir='ltr'><strong>sentiret,</strong></span> <span class='ocrx_word' id='word_1_76' title='bbox 532 1304 572 1360; x_wconf 87' lang='lat' dir='ltr'><strong>ait</strong></span> <span class='ocrx_word' id='word_1_77' title='bbox 592 1303 666 1361; x_wconf 85' lang='lat' dir='ltr'><strong>intra</strong></span> <span class='ocrx_word' id='word_1_78' title='bbox 688 1319 734 1362; x_wconf 91' lang='lat' dir='ltr'><strong>se:</strong></span> <span class='ocrx_word' id='word_1_79' title='bbox 758 1299 821 1361; x_wconf 91' lang='lat' dir='ltr'><strong>Oeh</strong></span> <span class='ocrx_word' id='word_1_80' title='bbox 843 1302 936 1375; x_wconf 90' lang='lat' dir='ltr'><strong>miser,</strong></span> <span class='ocrx_word' id='word_1_81' title='bbox 958 1300 1047 1362; x_wconf 86' lang='lat' dir='ltr'><strong>dobes</strong></span> <span class='ocrx_word' id='word_1_82' title='bbox 1069 1301 1110 1360; x_wconf 90' lang='lat' dir='ltr'><strong>sio</strong></span> <span class='ocrx_word' id='word_1_83' title='bbox 1130 1299 1194 1358; x_wconf 88' lang='lat' dir='ltr'><strong>mori</strong></span> <span class='ocrx_word' id='word_1_84' title='bbox 1249 1283 1250 1318; x_wconf 64' lang='lat'>³</span> 
     </span>
    </p>
   </div>
   <div class='ocr_carea' id='block_1_5' title="bbox 163 1381 1194 1813">
    <p class='ocr_par' dir='ltr' id='par_1_7' title="bbox 163 1381 1194 1813">
     <span class='ocr_line' id='line_1_12' title="bbox 164 1381 1193 1466; baseline 0 -21"><span class='ocrx_word' id='word_1_85' title='bbox 164 1388 225 1445; x_wconf 89' lang='lat' dir='ltr'><strong>sine</strong></span> <span class='ocrx_word' id='word_1_86' title='bbox 245 1387 369 1447; x_wconf 88' lang='lat' dir='ltr'><strong>bomine.</strong></span> <span class='ocrx_word' id='word_1_87' title='bbox 412 1387 469 1447; x_wconf 89' lang='lat' dir='ltr'><strong>Vix</strong></span> <span class='ocrx_word' id='word_1_88' title='bbox 490 1389 579 1448; x_wconf 89' lang='lat' dir='ltr'><strong>verba</strong></span> <span class='ocrx_word' id='word_1_89' title='bbox 600 1389 724 1465; x_wconf 88' lang='lat' dir='ltr'><strong>finierat,</strong></span> <span class='ocrx_word' id='word_1_90' title='bbox 747 1393 776 1448; x_wconf 88' lang='lat' dir='ltr'><strong>et</strong></span> <span class='ocrx_word' id='word_1_91' title='bbox 796 1390 826 1446; x_wconf 92' lang='lat' dir='ltr'><strong>in</strong></span> <span class='ocrx_word' id='word_1_92' title='bbox 848 1390 968 1448; x_wconf 82' lang='lat' dir='ltr'><strong>extasim</strong></span> <span class='ocrx_word' id='word_1_93' title='bbox 989 1405 1084 1462; x_wconf 88' lang='lat' dir='ltr'><strong>ruens,</strong></span> <span class='ocrx_word' id='word_1_94' title='bbox 1106 1381 1193 1466; x_wconf 82' lang='lat' dir='ltr'><strong>eooe²)</strong></span> 
     </span>
     <span class='ocr_line' id='line_1_13' title="bbox 164 1466 1193 1552; baseline -0.002 -20"><span class='ocrx_word' id='word_1_95' title='bbox 164 1472 345 1548; x_wconf 85' lang='lat' dir='ltr'><strong>Salvatorem</strong></span> <span class='ocrx_word' id='word_1_96' title='bbox 381 1491 478 1534; x_wconf 89' lang='lat' dir='ltr'><strong>eoram</strong></span> <span class='ocrx_word' id='word_1_97' title='bbox 514 1493 546 1534; x_wconf 90' lang='lat' dir='ltr'><strong>se</strong></span> <span class='ocrx_word' id='word_1_98' title='bbox 575 1477 604 1534; x_wconf 89' lang='lat' dir='ltr'><strong>in</strong></span> <span class='ocrx_word' id='word_1_99' title='bbox 627 1493 711 1536; x_wconf 89' lang='lat' dir='ltr'><strong>oruee</strong></span> <span class='ocrx_word' id='word_1_100' title='bbox 742 1474 915 1552; x_wconf 85' lang='lat' dir='ltr'><strong>pendentem</strong></span> <span class='ocrx_word' id='word_1_101' title='bbox 935 1466 1016 1534; x_wconf 82' lang='lat' dir='ltr'><strong>vidit</strong></span> <span class='ocrx_word' id='word_1_102' title='bbox 1066 1473 1122 1550; x_wconf 88' lang='lat' dir='ltr'><strong>Qui</strong></span> <span class='ocrx_word' id='word_1_103' title='bbox 1146 1475 1193 1532; x_wconf 87' lang='lat' dir='ltr'><strong>ait:</strong></span> 
     </span>
     <span class='ocr_line' id='line_1_14' title="bbox 165 1559 1194 1639; baseline 0 -21"><span class='ocrx_word' id='word_1_104' title='bbox 165 1559 304 1636; x_wconf 83' lang='lat' dir='ltr'><strong>Conrado,</strong></span> <span class='ocrx_word' id='word_1_105' title='bbox 325 1560 406 1622; x_wconf 88' lang='lat' dir='ltr'><strong>vides</strong></span> <span class='ocrx_word' id='word_1_106' title='bbox 428 1569 535 1638; x_wconf 83' lang='lat' dir='ltr'><strong>quanta</strong></span> <span class='ocrx_word' id='word_1_107' title='bbox 556 1569 722 1639; x_wconf 90' lang='lat' dir='ltr'><strong>propterte</strong></span> <span class='ocrx_word' id='word_1_108' title='bbox 744 1560 948 1622; x_wconf 81' lang='lat' dir='ltr'><strong>sustinuerim?</strong></span> <span class='ocrx_word' id='word_1_109' title='bbox 990 1561 1117 1637; x_wconf 85' lang='lat' dir='ltr'><strong>Moxque</strong></span> <span class='ocrx_word' id='word_1_110' title='bbox 1137 1566 1194 1636; x_wconf 86' lang='lat' dir='ltr'><strong>post</strong></span> 
     </span>
     <span class='ocr_line' id='line_1_15' title="bbox 164 1645 1193 1729; baseline 0.002 -25"><span class='ocrx_word' id='word_1_111' title='bbox 164 1649 254 1708; x_wconf 88' lang='lat' dir='ltr'><strong>verba</strong></span> <span class='ocrx_word' id='word_1_112' title='bbox 281 1649 481 1708; x_wconf 85' lang='lat' dir='ltr'><strong>consolationis</strong></span> <span class='ocrx_word' id='word_1_113' title='bbox 502 1649 647 1710; x_wconf 58' lang='lat' dir='ltr'><strong>adiunxit&amp;</strong></span> <span class='ocrx_word' id='word_1_114' title='bbox 675 1647 780 1709; x_wconf 89' lang='lat' dir='ltr'><strong>Omnia</strong></span> <span class='ocrx_word' id='word_1_115' title='bbox 808 1645 912 1729; x_wconf 82' lang='lat' dir='ltr'><strong>euim⁸)</strong></span> <span class='ocrx_word' id='word_1_116' title='bbox 935 1666 1024 1725; x_wconf 90' lang='lat' dir='ltr'><strong>opera</strong></span> <span class='ocrx_word' id='word_1_117' title='bbox 1050 1655 1102 1708; x_wconf 88' lang='lat' dir='ltr'><strong>tua</strong></span> <span class='ocrx_word' id='word_1_118' title='bbox 1128 1648 1193 1707; x_wconf 86' lang='lat' dir='ltr'><strong>beno</strong></span> 
     </span>
     <span class='ocr_line' id='line_1_16' title="bbox 163 1735 1194 1813; baseline -0.002 -19"><span class='ocrx_word' id='word_1_119' title='bbox 163 1735 279 1809; x_wconf 82' lang='lat' dir='ltr'><strong>placent</strong></span> <span class='ocrx_word' id='word_1_120' title='bbox 311 1736 394 1812; x_wconf 93' lang='lat' dir='ltr'><strong>mihi,</strong></span> <span class='ocrx_word' id='word_1_121' title='bbox 414 1753 473 1797; x_wconf 92' lang='lat' dir='ltr'><strong>uno</strong></span> <span class='ocrx_word' id='word_1_122' title='bbox 494 1742 607 1796; x_wconf 88' lang='lat' dir='ltr'><strong>tantum</strong></span> <span class='ocrx_word' id='word_1_123' title='bbox 627 1743 757 1813; x_wconf 85' lang='lat' dir='ltr'><strong>excepto.</strong></span> <span class='ocrx_word' id='word_1_124' title='bbox 800 1735 913 1812; x_wconf 85' lang='lat' dir='ltr'><strong>Quibus</strong></span> <span class='ocrx_word' id='word_1_125' title='bbox 936 1735 1028 1811; x_wconf 87' lang='lat' dir='ltr'><strong>dietis,</strong></span> <span class='ocrx_word' id='word_1_126' title='bbox 1050 1749 1194 1796; x_wconf 85' lang='lat' dir='ltr'><strong>conversus</strong></span> 
     </span>
    </p>
   </div>
   <div class='ocr_carea' id='block_1_6' title="bbox 165 1822 1234 1899">
    <p class='ocr_par' dir='ltr' id='par_1_8' title="bbox 165 1822 1234 1899">
     <span class='ocr_line' id='line_1_17' title="bbox 165 1822 1234 1899; baseline -0.002 -19"><span class='ocrx_word' id='word_1_127' title='bbox 165 1839 201 1880; x_wconf 84' lang='lat' dir='ltr'><strong>ex</strong></span> <span class='ocrx_word' id='word_1_128' title='bbox 228 1825 337 1882; x_wconf 89' lang='lat' dir='ltr'><strong>visione</strong></span> <span class='ocrx_word' id='word_1_129' title='bbox 366 1830 426 1882; x_wconf 92' lang='lat' dir='ltr'><strong>tam</strong></span> <span class='ocrx_word' id='word_1_130' title='bbox 455 1822 607 1884; x_wconf 81' lang='lat' dir='ltr'><strong>salutifera</strong></span> <span class='ocrx_word' id='word_1_131' title='bbox 628 1824 819 1897; x_wconf 84' lang='lat' dir='ltr'><strong>confortatus,</strong></span> <span class='ocrx_word' id='word_1_132' title='bbox 849 1822 887 1881; x_wconf 91' lang='lat' dir='ltr'><strong>ad</strong></span> <span class='ocrx_word' id='word_1_133' title='bbox 908 1839 940 1882; x_wconf 88' lang='lat' dir='ltr'><strong>se</strong></span> <span class='ocrx_word' id='word_1_134' title='bbox 961 1822 1060 1899; x_wconf 90' lang='lat' dir='ltr'><strong>rediit,</strong></span> <span class='ocrx_word' id='word_1_135' title='bbox 1088 1827 1117 1882; x_wconf 92' lang='lat' dir='ltr'><strong>et</strong></span> <span class='ocrx_word' id='word_1_136' title='bbox 1137 1835 1193 1880; x_wconf 91' lang='lat' dir='ltr'><strong>oum</strong></span> <span class='ocrx_word' id='word_1_137' title='bbox 1231 1865 1234 1872; x_wconf 86' lang='lat'>.</span> 
     </span>
    </p>
   </div>
   <div class='ocr_carea' id='block_1_7' title="bbox 166 1907 1193 1988">
    <p class='ocr_par' dir='ltr' id='par_1_9' title="bbox 166 1907 1193 1988">
     <span class='ocr_line' id='line_1_18' title="bbox 166 1907 1193 1988; baseline -0.003 -22"><span class='ocrx_word' id='word_1_138' title='bbox 166 1908 264 1968; x_wconf 92' lang='lat' dir='ltr'><strong>oeulos</strong></span> <span class='ocrx_word' id='word_1_139' title='bbox 286 1911 423 1985; x_wconf 88' lang='lat' dir='ltr'><strong>aperiret,</strong></span> <span class='ocrx_word' id='word_1_140' title='bbox 451 1917 485 1969; x_wconf 95' lang='lat' dir='ltr'><strong>ut</strong></span> <span class='ocrx_word' id='word_1_141' title='bbox 512 1927 578 1969; x_wconf 92' lang='lat' dir='ltr'><strong>eum</strong></span> <span class='ocrx_word' id='word_1_142' title='bbox 600 1927 686 1986; x_wconf 91' lang='lat' dir='ltr'><strong>quem</strong></span> <span class='ocrx_word' id='word_1_143' title='bbox 707 1911 807 1988; x_wconf 89' lang='lat' dir='ltr'><strong>spiritu</strong></span> <span class='ocrx_word' id='word_1_144' title='bbox 829 1907 940 1969; x_wconf 88' lang='lat' dir='ltr'><strong>viderat</strong></span> <span class='ocrx_word' id='word_1_145' title='bbox 961 1914 1103 1984; x_wconf 80' lang='lat' dir='ltr'><strong>temeret,</strong></span> <span class='ocrx_word' id='word_1_146' title='bbox 1129 1909 1193 1968; x_wconf 89' lang='lat' dir='ltr'><strong>visio</strong></span> 
     </span>
    </p>
   </div>
   <div class='ocr_carea' id='block_1_8' title="bbox 166 1993 1251 2084">
    <p class='ocr_par' dir='ltr' id='par_1_10' title="bbox 166 1993 1251 2084">
     <span class='ocr_line' id='line_1_19' title="bbox 166 1993 1251 2084; baseline 0 -31"><span class='ocrx_word' id='word_1_147' title='bbox 166 1993 312 2070; x_wconf 88' lang='lat' dir='ltr'><strong>disparuit.</strong></span> <span class='ocrx_word' id='word_1_148' title='bbox 355 1996 520 2070; x_wconf 86' lang='lat' dir='ltr'><strong>Requisitus</strong></span> <span class='ocrx_word' id='word_1_149' title='bbox 555 1997 686 2057; x_wconf 88' lang='lat' dir='ltr'><strong>afratra</strong></span> <span class='ocrx_word' id='word_1_150' title='bbox 714 1994 859 2057; x_wconf 88' lang='lat' dir='ltr'><strong>Richardo</strong></span> <span class='ocrx_word' id='word_1_151' title='bbox 889 2012 1028 2056; x_wconf 87' lang='lat' dir='ltr'><strong>converso</strong></span> <span class='ocrx_word' id='word_1_152' title='bbox 1056 1995 1193 2072; x_wconf 85' lang='lat' dir='ltr'><strong>religioso,</strong></span> <span class='ocrx_word' id='word_1_153' title='bbox 1250 2065 1251 2084; x_wconf 52' lang='lat'><strong>,</strong></span> 
     </span>
    </p>
   </div>
   <div class='ocr_carea' id='block_1_9' title="bbox 164 2077 1194 3290">
    <p class='ocr_par' dir='ltr' id='par_1_11' title="bbox 164 2077 1194 3290">
     <span class='ocr_line' id='line_1_20' title="bbox 166 2077 1193 2168; baseline -0.002 -27"><span class='ocrx_word' id='word_1_154' title='bbox 166 2098 232 2141; x_wconf 87' lang='lat' dir='ltr'><strong>oum</strong></span> <span class='ocrx_word' id='word_1_155' title='bbox 254 2084 281 2142; x_wconf 91' lang='lat' dir='ltr'><strong>ei</strong></span> <span class='ocrx_word' id='word_1_156' title='bbox 301 2084 449 2142; x_wconf 85' lang='lat' dir='ltr'><strong>recitasset</strong></span> <span class='ocrx_word' id='word_1_157' title='bbox 465 2086 619 2158; x_wconf 85' lang='lat' dir='ltr'><strong>visionem,</strong></span> <span class='ocrx_word' id='word_1_158' title='bbox 648 2086 675 2168; x_wconf 87' lang='lat' dir='ltr'><strong>si</strong></span> <span class='ocrx_word' id='word_1_159' title='bbox 694 2083 851 2143; x_wconf 89' lang='lat' dir='ltr'><strong>Dominum</strong></span> <span class='ocrx_word' id='word_1_160' title='bbox 873 2077 1144 2162; x_wconf 64' lang='lat' dir='ltr'><strong>adinterrogassetl)</strong></span> <span class='ocrx_word' id='word_1_161' title='bbox 1163 2079 1193 2140; x_wconf 90' lang='lat' dir='ltr'><strong>de</strong></span> 
     </span>
     <span class='ocr_line' id='line_1_21' title="bbox 166 2168 1193 2246; baseline -0.001 -19"><span class='ocrx_word' id='word_1_162' title='bbox 166 2168 268 2228; x_wconf 90' lang='lat' dir='ltr'><strong>eodem</strong></span> <span class='ocrx_word' id='word_1_163' title='bbox 281 2185 376 2245; x_wconf 89' lang='lat' dir='ltr'><strong>opere,</strong></span> <span class='ocrx_word' id='word_1_164' title='bbox 389 2169 548 2246; x_wconf 90' lang='lat' dir='ltr'><strong>respondit:</strong></span> <span class='ocrx_word' id='word_1_165' title='bbox 560 2171 634 2245; x_wconf 91' lang='lat' dir='ltr'><strong>Non,</strong></span> <span class='ocrx_word' id='word_1_166' title='bbox 647 2173 705 2230; x_wconf 90' lang='lat' dir='ltr'><strong>iam</strong></span> <span class='ocrx_word' id='word_1_167' title='bbox 723 2170 830 2230; x_wconf 90' lang='lat' dir='ltr'><strong>dictam</strong></span> <span class='ocrx_word' id='word_1_168' title='bbox 843 2169 1033 2246; x_wconf 88' lang='lat' dir='ltr'><strong>praetendens</strong></span> <span class='ocrx_word' id='word_1_169' title='bbox 1046 2170 1193 2230; x_wconf 84' lang='lat' dir='ltr'><strong>necessita·</strong></span> 
     </span>
     <span class='ocr_line' id='line_1_22' title="bbox 165 2255 1194 2334; baseline -0.001 -21"><span class='ocrx_word' id='word_1_170' title='bbox 165 2263 232 2314; x_wconf 91' lang='lat' dir='ltr'><strong>tem.</strong></span> <span class='ocrx_word' id='word_1_171' title='bbox 275 2255 478 2316; x_wconf 81' lang='lat' dir='ltr'>NOVIOIUS:</span> <span class='ocrx_word' id='word_1_172' title='bbox 501 2256 579 2333; x_wconf 82' lang='lat' dir='ltr'><strong>Quid</strong></span> <span class='ocrx_word' id='word_1_173' title='bbox 593 2264 637 2317; x_wconf 86' lang='lat' dir='ltr'><strong>est</strong></span> <span class='ocrx_word' id='word_1_174' title='bbox 651 2256 729 2334; x_wconf 88' lang='lat' dir='ltr'><strong>quod</strong></span> <span class='ocrx_word' id='word_1_175' title='bbox 744 2257 878 2316; x_wconf 82' lang='lat' dir='ltr'><strong>Salvator</strong></span> <span class='ocrx_word' id='word_1_176' title='bbox 889 2259 920 2315; x_wconf 92' lang='lat' dir='ltr'><strong>iu</strong></span> <span class='ocrx_word' id='word_1_177' title='bbox 932 2259 994 2317; x_wconf 92' lang='lat' dir='ltr'><strong>viro</strong></span> <span class='ocrx_word' id='word_1_178' title='bbox 1008 2263 1107 2317; x_wconf 86' lang='lat' dir='ltr'><strong>saneto</strong></span> <span class='ocrx_word' id='word_1_179' title='bbox 1129 2269 1194 2330; x_wconf 88' lang='lat' dir='ltr'><strong>opus</strong></span> 
     </span>
     <span class='ocr_line' id='line_1_23' title="bbox 165 2339 1193 2418; baseline -0.002 -18"><span class='ocrx_word' id='word_1_180' title='bbox 165 2343 354 2418; x_wconf 86' lang='lat' dir='ltr'><strong>reprehendit,</strong></span> <span class='ocrx_word' id='word_1_181' title='bbox 375 2343 453 2418; x_wconf 89' lang='lat' dir='ltr'><strong>quod</strong></span> <span class='ocrx_word' id='word_1_182' title='bbox 467 2351 564 2404; x_wconf 89' lang='lat' dir='ltr'><strong>tamen</strong></span> <span class='ocrx_word' id='word_1_183' title='bbox 577 2347 603 2404; x_wconf 93' lang='lat' dir='ltr'><strong>ei</strong></span> <span class='ocrx_word' id='word_1_184' title='bbox 613 2347 791 2404; x_wconf 83' lang='lat' dir='ltr'><strong>innotescere</strong></span> <span class='ocrx_word' id='word_1_185' title='bbox 811 2341 925 2403; x_wconf 82' lang='lat' dir='ltr'><strong>noluit‘l</strong></span> <span class='ocrx_word' id='word_1_186' title='bbox 967 2339 1193 2404; x_wconf 83' lang='lat' dir='ltr'><strong>MONAOHUS:</strong></span> 
     </span>
     <span class='ocr_line' id='line_1_24' title="bbox 165 2429 1194 2507; baseline -0.002 -19"><span class='ocrx_word' id='word_1_187' title='bbox 165 2429 241 2488; x_wconf 90' lang='lat' dir='ltr'><strong>Puto</strong></span> <span class='ocrx_word' id='word_1_188' title='bbox 252 2431 319 2505; x_wconf 91' lang='lat' dir='ltr'><strong>quia</strong></span> <span class='ocrx_word' id='word_1_189' title='bbox 329 2429 409 2488; x_wconf 93' lang='lat' dir='ltr'><strong>illum</strong></span> <span class='ocrx_word' id='word_1_190' title='bbox 420 2430 456 2490; x_wconf 90' lang='lat' dir='ltr'><strong>de</strong></span> <span class='ocrx_word' id='word_1_191' title='bbox 467 2431 599 2491; x_wconf 89' lang='lat' dir='ltr'><strong>omnibus</strong></span> <span class='ocrx_word' id='word_1_192' title='bbox 611 2433 670 2490; x_wconf 88' lang='lat' dir='ltr'><strong>suis</strong></span> <span class='ocrx_word' id='word_1_193' title='bbox 683 2430 817 2507; x_wconf 90' lang='lat' dir='ltr'><strong>operibus</strong></span> <span class='ocrx_word' id='word_1_194' title='bbox 831 2430 954 2491; x_wconf 89' lang='lat' dir='ltr'><strong>voluerit</strong></span> <span class='ocrx_word' id='word_1_195' title='bbox 965 2447 1029 2490; x_wconf 86' lang='lat' dir='ltr'><strong>esse</strong></span> <span class='ocrx_word' id='word_1_196' title='bbox 1043 2429 1194 2500; x_wconf 88' lang='lat' dir='ltr'><strong>sollicitum,</strong></span> 
     </span>
     <span class='ocr_line' id='line_1_25' title="bbox 165 2515 1193 2594; baseline -0.005 -18"><span class='ocrx_word' id='word_1_197' title='bbox 165 2521 198 2576; x_wconf 94' lang='lat' dir='ltr'><strong>ut</strong></span> <span class='ocrx_word' id='word_1_198' title='bbox 218 2515 287 2576; x_wconf 92' lang='lat' dir='ltr'><strong>dum</strong></span> <span class='ocrx_word' id='word_1_199' title='bbox 308 2535 397 2575; x_wconf 90' lang='lat' dir='ltr'><strong>unum</strong></span> <span class='ocrx_word' id='word_1_200' title='bbox 418 2519 549 2592; x_wconf 80' lang='lat' dir='ltr'><strong>nesciret,</strong></span> <span class='ocrx_word' id='word_1_201' title='bbox 573 2518 608 2577; x_wconf 93' lang='lat' dir='ltr'><strong>de</strong></span> <span class='ocrx_word' id='word_1_202' title='bbox 630 2518 749 2594; x_wconf 85' lang='lat' dir='ltr'><strong>siugulis</strong></span> <span class='ocrx_word' id='word_1_203' title='bbox 770 2519 890 2577; x_wconf 84' lang='lat' dir='ltr'><strong>timeret</strong></span> <span class='ocrx_word' id='word_1_204' title='bbox 932 2516 1016 2576; x_wconf 90' lang='lat' dir='ltr'><strong>Idem</strong></span> <span class='ocrx_word' id='word_1_205' title='bbox 1037 2523 1103 2578; x_wconf 89' lang='lat' dir='ltr'><strong>ante</strong></span> <span class='ocrx_word' id='word_1_206' title='bbox 1122 2530 1193 2574; x_wconf 92' lang='lat' dir='ltr'><strong>mor·</strong></span> 
     </span>
     <span class='ocr_line' id='line_1_26' title="bbox 164 2603 1194 2680; baseline -0.003 -19"><span class='ocrx_word' id='word_1_207' title='bbox 164 2610 223 2662; x_wconf 90' lang='lat' dir='ltr'><strong>tem</strong></span> <span class='ocrx_word' id='word_1_208' title='bbox 240 2621 323 2663; x_wconf 88' lang='lat' dir='ltr'><strong>suam</strong></span> <span class='ocrx_word' id='word_1_209' title='bbox 345 2605 490 2663; x_wconf 85' lang='lat' dir='ltr'><strong>confessus</strong></span> <span class='ocrx_word' id='word_1_210' title='bbox 513 2611 557 2664; x_wconf 89' lang='lat' dir='ltr'><strong>est</strong></span> <span class='ocrx_word' id='word_1_211' title='bbox 576 2603 687 2664; x_wconf 89' lang='lat' dir='ltr'><strong>Abbati</strong></span> <span class='ocrx_word' id='word_1_212' title='bbox 707 2610 805 2664; x_wconf 88' lang='lat' dir='ltr'><strong>nostro</strong></span> <span class='ocrx_word' id='word_1_213' title='bbox 828 2603 906 2680; x_wconf 90' lang='lat' dir='ltr'><strong>quod</strong></span> <span class='ocrx_word' id='word_1_214' title='bbox 926 2619 1015 2664; x_wconf 86' lang='lat' dir='ltr'><strong>voees</strong></span> <span class='ocrx_word' id='word_1_215' title='bbox 1036 2603 1194 2680; x_wconf 86' lang='lat' dir='ltr'><strong>angelorum</strong></span> 
     </span>
     <span class='ocr_line' id='line_1_27' title="bbox 165 2688 1192 2767; baseline -0.005 -17"><span class='ocrx_word' id='word_1_216' title='bbox 165 2697 250 2750; x_wconf 89' lang='lat' dir='ltr'><strong>noete</strong></span> <span class='ocrx_word' id='word_1_217' title='bbox 272 2690 396 2766; x_wconf 87' lang='lat' dir='ltr'><strong>quadam</strong></span> <span class='ocrx_word' id='word_1_218' title='bbox 417 2689 537 2750; x_wconf 88' lang='lat' dir='ltr'><strong>audierit</strong></span> <span class='ocrx_word' id='word_1_219' title='bbox 557 2693 587 2750; x_wconf 90' lang='lat' dir='ltr'><strong>in</strong></span> <span class='ocrx_word' id='word_1_220' title='bbox 609 2692 698 2750; x_wconf 89' lang='lat' dir='ltr'><strong>coelo.</strong></span> <span class='ocrx_word' id='word_1_221' title='bbox 743 2689 821 2751; x_wconf 88' lang='lat' dir='ltr'><strong>Obiit</strong></span> <span class='ocrx_word' id='word_1_222' title='bbox 842 2697 939 2750; x_wconf 89' lang='lat' dir='ltr'><strong>autem</strong></span> <span class='ocrx_word' id='word_1_223' title='bbox 960 2693 989 2749; x_wconf 93' lang='lat' dir='ltr'><strong>in</strong></span> <span class='ocrx_word' id='word_1_224' title='bbox 1010 2692 1075 2767; x_wconf 90' lang='lat' dir='ltr'><strong>ipsa</strong></span> <span class='ocrx_word' id='word_1_225' title='bbox 1095 2688 1192 2749; x_wconf 85' lang='lat' dir='ltr'><strong>duleis-</strong></span> 
     </span>
     <span class='ocr_line' id='line_1_28' title="bbox 165 2777 1194 2855; baseline -0.006 -19"><span class='ocrx_word' id='word_1_226' title='bbox 165 2780 239 2838; x_wconf 89' lang='lat' dir='ltr'><strong>sima</strong></span> <span class='ocrx_word' id='word_1_227' title='bbox 273 2777 426 2838; x_wconf 84' lang='lat' dir='ltr'><strong>festivitate</strong></span> <span class='ocrx_word' id='word_1_228' title='bbox 460 2778 673 2855; x_wconf 89' lang='lat' dir='ltr'><strong>Assumptionis</strong></span> <span class='ocrx_word' id='word_1_229' title='bbox 708 2777 850 2838; x_wconf 90' lang='lat' dir='ltr'><strong>Dominae</strong></span> <span class='ocrx_word' id='word_1_230' title='bbox 886 2783 1017 2851; x_wconf 86' lang='lat' dir='ltr'><strong>nostrae,</strong></span> <span class='ocrx_word' id='word_1_231' title='bbox 1050 2779 1138 2854; x_wconf 88' lang='lat' dir='ltr'><strong>ipsius</strong></span> <span class='ocrx_word' id='word_1_232' title='bbox 1165 2779 1194 2831; x_wconf 88' lang='lat' dir='ltr'><strong>ut</strong></span> 
     </span>
     <span class='ocr_line' id='line_1_29' title="bbox 166 2863 1193 2942; baseline -0.003 -18"><span class='ocrx_word' id='word_1_233' title='bbox 166 2882 249 2940; x_wconf 89' lang='lat' dir='ltr'><strong>spero</strong></span> <span class='ocrx_word' id='word_1_234' title='bbox 267 2867 399 2942; x_wconf 85' lang='lat' dir='ltr'><strong>precibus</strong></span> <span class='ocrx_word' id='word_1_235' title='bbox 425 2867 471 2926; x_wconf 89' lang='lat' dir='ltr'><strong>eui</strong></span> <span class='ocrx_word' id='word_1_236' title='bbox 495 2863 599 2925; x_wconf 90' lang='lat' dir='ltr'><strong>devote</strong></span> <span class='ocrx_word' id='word_1_237' title='bbox 622 2865 766 2939; x_wconf 84' lang='lat' dir='ltr'><strong>servierat,</strong></span> <span class='ocrx_word' id='word_1_238' title='bbox 788 2863 833 2924; x_wconf 91' lang='lat' dir='ltr'><strong>die</strong></span> <span class='ocrx_word' id='word_1_239' title='bbox 855 2864 906 2924; x_wconf 88' lang='lat' dir='ltr'><strong>tali</strong></span> <span class='ocrx_word' id='word_1_240' title='bbox 927 2864 964 2924; x_wconf 88' lang='lat' dir='ltr'><strong>da</strong></span> <span class='ocrx_word' id='word_1_241' title='bbox 985 2865 1068 2925; x_wconf 91' lang='lat' dir='ltr'><strong>terris</strong></span> <span class='ocrx_word' id='word_1_242' title='bbox 1089 2877 1193 2924; x_wconf 89' lang='lat' dir='ltr'><strong>assum·</strong></span> 
     </span>
     <span class='ocr_line' id='line_1_30' title="bbox 164 2950 1193 3028; baseline -0.005 -19"><span class='ocrx_word' id='word_1_243' title='bbox 164 2956 231 3025; x_wconf 92' lang='lat' dir='ltr'><strong>ptus</strong></span> <span class='ocrx_word' id='word_1_244' title='bbox 251 2955 282 3010; x_wconf 92' lang='lat' dir='ltr'><strong>iu</strong></span> <span class='ocrx_word' id='word_1_245' title='bbox 304 2953 425 3013; x_wconf 89' lang='lat' dir='ltr'><strong>eoelum.</strong></span> <span class='ocrx_word' id='word_1_246' title='bbox 467 2952 532 3011; x_wconf 90' lang='lat' dir='ltr'><strong>Non</strong></span> <span class='ocrx_word' id='word_1_247' title='bbox 551 2951 644 3012; x_wconf 93' lang='lat' dir='ltr'><strong>solum</strong></span> <span class='ocrx_word' id='word_1_248' title='bbox 663 2951 819 3012; x_wconf 84' lang='lat' dir='ltr'><strong>consolatio</strong></span> <span class='ocrx_word' id='word_1_249' title='bbox 833 2957 877 3010; x_wconf 93' lang='lat' dir='ltr'><strong>est</strong></span> <span class='ocrx_word' id='word_1_250' title='bbox 889 2953 920 3010; x_wconf 88' lang='lat' dir='ltr'><strong>in</strong></span> <span class='ocrx_word' id='word_1_251' title='bbox 936 2950 1041 3012; x_wconf 82' lang='lat' dir='ltr'><strong>Christi</strong></span> <span class='ocrx_word' id='word_1_252' title='bbox 1061 2951 1193 3028; x_wconf 88' lang='lat' dir='ltr'><strong>passione,</strong></span> 
     </span>
     <span class='ocr_line' id='line_1_31' title="bbox 165 3036 1193 3116; baseline -0.002 -21"><span class='ocrx_word' id='word_1_253' title='bbox 165 3039 223 3098; x_wconf 92' lang='lat' dir='ltr'><strong>imo</strong></span> <span class='ocrx_word' id='word_1_254' title='bbox 252 3040 338 3098; x_wconf 87' lang='lat' dir='ltr'><strong>etiam</strong></span> <span class='ocrx_word' id='word_1_255' title='bbox 359 3043 390 3098; x_wconf 90' lang='lat' dir='ltr'><strong>in</strong></span> <span class='ocrx_word' id='word_1_256' title='bbox 411 3042 499 3100; x_wconf 84' lang='lat' dir='ltr'><strong>saeris</strong></span> <span class='ocrx_word' id='word_1_257' title='bbox 519 3040 693 3116; x_wconf 82' lang='lat' dir='ltr'><strong>imaginibus</strong></span> <span class='ocrx_word' id='word_1_258' title='bbox 715 3056 788 3115; x_wconf 87' lang='lat' dir='ltr'><strong>quaa</strong></span> <span class='ocrx_word' id='word_1_259' title='bbox 810 3037 932 3098; x_wconf 88' lang='lat' dir='ltr'><strong>eandem</strong></span> <span class='ocrx_word' id='word_1_260' title='bbox 953 3037 1070 3098; x_wconf 86' lang='lat' dir='ltr'><strong>beatam</strong></span> <span class='ocrx_word' id='word_1_261' title='bbox 1090 3036 1193 3114; x_wconf 86' lang='lat' dir='ltr'><strong>passio·</strong></span> 
     </span>
     <span class='ocr_line' id='line_1_32' title="bbox 165 3122 1193 3201; baseline -0.005 -17"><span class='ocrx_word' id='word_1_262' title='bbox 165 3141 232 3184; x_wconf 91' lang='lat' dir='ltr'><strong>nem</strong></span> <span class='ocrx_word' id='word_1_263' title='bbox 259 3133 481 3201; x_wconf 84' lang='lat' dir='ltr'><strong>repraesentant</strong></span> <span class='ocrx_word' id='word_1_264' title='bbox 523 3125 599 3186; x_wconf 87' lang='lat' dir='ltr'><strong>Nam</strong></span> <span class='ocrx_word' id='word_1_265' title='bbox 627 3127 800 3186; x_wconf 88' lang='lat' dir='ltr'><strong>honorantes</strong></span> <span class='ocrx_word' id='word_1_266' title='bbox 820 3124 884 3184; x_wconf 90' lang='lat' dir='ltr'><strong>illas</strong></span> <span class='ocrx_word' id='word_1_267' title='bbox 924 3122 1053 3185; x_wconf 82' lang='lat' dir='ltr'><strong>Christus</strong></span> <span class='ocrx_word' id='word_1_268' title='bbox 1081 3123 1193 3184; x_wconf 87' lang='lat' dir='ltr'><strong>honorat</strong></span> 
     </span>
     <span class='ocr_line' id='line_1_33' title="bbox 166 3213 924 3290; baseline 0 -18"><span class='ocrx_word' id='word_1_269' title='bbox 166 3217 196 3272; x_wconf 91' lang='lat' dir='ltr'><strong>et</strong></span> <span class='ocrx_word' id='word_1_270' title='bbox 215 3219 392 3288; x_wconf 83' lang='lat' dir='ltr'><strong>remunerat;</strong></span> <span class='ocrx_word' id='word_1_271' title='bbox 407 3216 495 3290; x_wconf 90' lang='lat' dir='ltr'><strong>punit</strong></span> <span class='ocrx_word' id='word_1_272' title='bbox 515 3213 666 3274; x_wconf 88' lang='lat' dir='ltr'><strong>indevotos</strong></span> <span class='ocrx_word' id='word_1_273' title='bbox 688 3219 718 3273; x_wconf 92' lang='lat' dir='ltr'><strong>et</strong></span> <span class='ocrx_word' id='word_1_274' title='bbox 738 3213 924 3290; x_wconf 80' lang='lat' dir='ltr'><strong>negligentes.</strong></span> 
     </span>
    </p>
   </div>
   <div class='ocr_carea' id='block_1_10' title="bbox 465 3396 902 3452">
    <p class='ocr_par' dir='ltr' id='par_1_12' title="bbox 465 3396 902 3452">
     <span class='ocr_line' id='line_1_34' title="bbox 465 3396 902 3452; baseline -0.005 -19"><span class='ocrx_word' id='word_1_275' title='bbox 465 3396 902 3452; x_wconf 41' lang='grc' dir='ltr'><strong>...ε-θῶ-</strong></span> 
     </span>
    </p>
   </div>
   <div class='ocr_carea' id='block_1_11' title="bbox 91 3689 1192 3904">
    <p class='ocr_par' dir='ltr' id='par_1_13' title="bbox 91 3689 1192 3904">
     <span class='ocr_line' id='line_1_35' title="bbox 91 3689 1192 3766; baseline -0.014 -16"><span class='ocrx_word' id='word_1_276' title='bbox 91 3708 98 3715; x_wconf 91' lang='grc'>·</span> <span class='ocrx_word' id='word_1_277' title='bbox 185 3697 216 3766; x_wconf 90' lang='grc'><strong>1)</strong></span> <span class='ocrx_word' id='word_1_278' title='bbox 233 3693 391 3758; x_wconf 84' lang='lat' dir='ltr'><strong>llollendori‚</strong></span> <span class='ocrx_word' id='word_1_279' title='bbox 416 3693 483 3746; x_wconf 84' lang='lat' dir='ltr'><strong>houd</strong></span> <span class='ocrx_word' id='word_1_280' title='bbox 507 3693 626 3762; x_wconf 84' lang='lat' dir='ltr'><strong>procula</strong></span> <span class='ocrx_word' id='word_1_281' title='bbox 650 3691 725 3746; x_wconf 86' lang='lat' dir='ltr'><strong>domo</strong></span> <span class='ocrx_word' id='word_1_282' title='bbox 742 3691 916 3746; x_wconf 88' lang='lat' dir='ltr'><strong>lleisterbaob.</strong></span> <span class='ocrx_word' id='word_1_283' title='bbox 936 3721 966 3732; x_wconf 92' lang='lat'><em>-</em></span> <span class='ocrx_word' id='word_1_284' title='bbox 986 3692 1018 3759; x_wconf 80' lang='grc'><strong>2)</strong></span> <span class='ocrx_word' id='word_1_285' title='bbox 1036 3689 1057 3745; x_wconf 82' lang='grc' dir='ltr'><strong>ὓ</strong></span> <span class='ocrx_word' id='word_1_286' title='bbox 1073 3699 1106 3742; x_wconf 87' lang='lat' dir='ltr'><strong>et</strong></span> <span class='ocrx_word' id='word_1_287' title='bbox 1123 3697 1192 3740; x_wconf 87' lang='lat' dir='ltr'><strong>eooo</strong></span> 
     </span>
     <span class='ocr_line' id='line_1_36' title="bbox 235 3759 1192 3904; baseline -0.01 -87"><span class='ocrx_word' id='word_1_288' title='bbox 235 3765 424 3904; x_wconf 45' lang='lat' dir='ltr'><strong>igrzsosxettssim</strong></span> <span class='ocrx_word' id='word_1_289' title='bbox 446 3778 554 3818; x_wconf 87' lang='lat' dir='ltr'><strong>ruens.</strong></span> <span class='ocrx_word' id='word_1_290' title='bbox 572 3792 606 3804; x_wconf 89' lang='lat'>-</span> <span class='ocrx_word' id='word_1_291' title='bbox 623 3761 655 3830; x_wconf 82' lang='grc'><strong>3)</strong></span> <span class='ocrx_word' id='word_1_292' title='bbox 673 3761 755 3814; x_wconf 84' lang='lat' dir='ltr'><strong>euim</strong></span> <span class='ocrx_word' id='word_1_293' title='bbox 779 3759 828 3845; x_wconf 71' lang='lat' dir='ltr'><strong>add</strong></span> <span class='ocrx_word' id='word_1_294' title='bbox 845 3761 898 3815; x_wconf 82' lang='lat' dir='ltr'><strong>AB.</strong></span> <span class='ocrx_word' id='word_1_295' title='bbox 919 3789 949 3802; x_wconf 90' lang='lat'><em>-</em></span> <span class='ocrx_word' id='word_1_296' title='bbox 968 3761 1002 3830; x_wconf 78' lang='lat'><strong>4)</strong></span> <span class='ocrx_word' id='word_1_297' title='bbox 1019 3759 1039 3814; x_wconf 80' lang='lat' dir='ltr'><strong>G</strong></span> <span class='ocrx_word' id='word_1_298' title='bbox 1056 3761 1192 3812; x_wconf 86' lang='lat' dir='ltr'><strong>interro·</strong></span> 
     </span>
    </p>
   </div>
   <div class='ocr_carea' id='block_1_12' title="bbox 0 0 1260 4254">
    <p class='ocr_par' dir='ltr' id='par_1_14' title="bbox 0 0 1260 4254">
     <span class='ocr_line' id='line_1_37' title="bbox 0 0 1260 4254; baseline 0 0"><span class='ocrx_word' id='word_1_299' title='bbox 0 0 1260 4254; x_wconf 95' lang='lat' dir='ltr'><strong> </strong></span> 
     </span>
    </p>
   </div>
  </div>
 </body>
</html>
