2512 4254
320 285 581 350 Dunlvsltsis
601 281 837 348 VISIONIBUS.
1031 285 1090 346 too

370 443 601 510 eremmon
627 439 784 524 xxxii)

133 567 178 630 De
200 565 366 631 ilicodoldo
389 565 499 630 Currite
520 570 573 642 qui
592 569 625 628 io
644 567 744 642 wora
765 566 880 641 leprosi,
903 562 1010 628 otrus

482 653 568 729 pedes
589 653 671 717 lucit

130 755 326 818 Nobilissimns
352 757 485 833 princeps
506 756 691 820 'theobaldus
713 755 816 816 Comes
840 753 1026 830 Campaniae,
1059 753 1094 813 de

76 845 146 906 cuius
173 843 306 920 openious
332 843 540 906 misericordiae
559 846 589 902 in
610 845 679 903 Vita
700 847 791 906 sancti
811 839 950 901 Bemmdi
970 841 1095 901 Abbatia

61 927 246 990 'Ghraesellis
267 932 338 992 mna
358 930 491 1007 leguntur
503 927 534 1010 ¹),
552 936 649 990 tantae
670 930 836 990 humilitatis
858 934 932 1002 erat,
954 934 986 987 ut
1008 929 1095 988 etiam

75 1017 285 1091 praesentaliter
315 1019 428 1094 tuguria
463 1017 639 1094 leprosorum
671 1019 807 1078 visitaret.
861 1015 965 1076 Adhuc
993 1018 1097 1074 viumt

75 1105 118 1177 qui
142 1101 218 1164 iilum
243 1105 274 1162 in
295 1119 380 1164 earne
401 1103 541 1164 videmnt
584 1104 722 1165 Habebat
742 1111 839 1164 antem
860 1110 926 1163 ante
949 1101 1094 1179 quoddam

75 1205 149 1249 sunm
173 1195 295 1252 casuum
315 1191 459 1267 leprosum
481 1191 624 1266 quendam
645 1198 822 1265 manentem,
850 1192 1018 1250 entecnius
1040 1189 1107 1278 ‘¹⁰7
1186 1209 1188 1214 ·

75 1276 224 1338 nauculam
246 1279 377 1354 quotiens
399 1295 465 1337 cum
487 1281 605 1356 contigit
625 1279 758 1353 transire,
781 1277 816 1338 de
838 1294 912 1352 equo
935 1276 1094 1350 deseendit,

76 1369 100 1420 et
118 1363 153 1422 ad
172 1363 249 1423 illum
270 1367 392 1440 intrans,
412 1371 567 1440 postquam
587 1364 676 1442 pedes
697 1367 759 1424 eins
780 1365 863 1438 lauit,
884 1364 1095 1441 eleemosynam

76 1447 158 1525 dedit,
185 1458 213 1510 et
240 1452 318 1511 abiit.
368 1452 439 1511 Post
466 1453 554 1513 breve
583 1458 696 1527 tempus
724 1451 799 1512 idem
828 1451 958 1526 leprosus
984 1450 1095 1510 Gemite

75 1537 208 1612 ignorante
237 1537 386 1597 defunctus
395 1535 416 1618 ²)
447 1545 490 1598 est
517 1546 547 1600 st
574 1539 711 1615 sepultus.
760 1538 816 1596 Die
845 1537 969 1612 quadam
991 1537 1095 1598 Comes

76 1623 167 1684 iterum
192 1627 240 1684 via
264 1624 313 1685 illa
341 1627 496 1700 transiens,
525 1642 592 1686 mox
612 1633 645 1684 ut
666 1631 733 1684 ante
754 1626 898 1700 tugurium
918 1625 974 1692 ¹sibi
995 1631 1095 1683 notrrm

76 1712 158 1785 venit,
184 1711 328 1772 descendit
356 1711 465 1772 dicens:
497 1710 617 1789 Oportet
645 1729 692 1771 me
722 1713 837 1770 visitare
858 1716 969 1786 patrem
989 1728 1094 1771 meum.

74 1793 232 1875 Intransqne
251 1815 310 1858 non
328 1798 480 1874 leprosum,
501 1797 552 1859 sed
572 1801 602 1858 in
622 1799 726 1875 leprosi
739 1798 830 1857 iorma
852 1804 880 1858 et
900 1797 1002 1856 habitu
1024 1814 1096 1857 con·

77 1883 217 1960 temptatus
238 1892 282 1946 est
298 1884 463 1945 Dominum.
507 1886 559 1945 Cui
580 1903 646 1945 cum
668 1890 805 1946 consueta
826 1901 913 1960 opera
933 1886 1096 1945 misericor-

78 1967 135 2029 dias
158 1971 353 2048 impendisset,
387 1979 416 2032 et
443 1979 522 2032 tanto
551 1973 696 2046 devotius,
725 1976 831 2046 quanto
858 1973 1095 2047 inspirabatura

78 2057 421 2133 miserescentem
443 2062 538 2120 crivit
581 2059 711 2135 Cumque
740 2061 798 2117 suis
822 2057 953 2134 dixisset,
981 2059 1098 2136 gaudeo

78 2159 119 2202 me
136 2145 233 2205 vidisse
246 2146 392 2222 leprosum
407 2163 519 2223 msum;
540 2147 747 2222 responderunt
768 2148 794 2205 ci
816 2145 947 2221 quideme
970 2147 1095 2206 Domine

79 2230 161 2290 sciatis
180 2249 230 2308 pro
252 2239 330 2293 certo
352 2249 418 2292 eum
439 2233 548 2293 dudum
569 2249 632 2294 csse
654 2233 832 2306 defunctum,
860 2236 938 2294 etin
959 2232 1009 2292 tali
1029 2234 1095 2292 loco

79 2317 214 2392 sepultum.
256 2319 342 2396 Quod
369 2320 421 2382 ubi
449 2323 586 2396 comperit
611 2322 742 2396 prinecps
769 2321 928 2395 piissimus,
957 2320 1095 2380 exultavit

79 2401 213 2481 inspiritu,
234 2423 269 2467 ec
283 2406 361 2482 quod
373 2405 497 2488 viderei)
520 2410 603 2483 eique
623 2409 782 2466 ministrare
803 2409 937 2466 meruerit
957 2422 1094 2482 praesen-

80 2489 174 2568 tialiter,
195 2511 280 2570 qusnr
297 2493 385 2554 multo
407 2499 534 2570 tempore
555 2497 584 2552 in
606 2497 664 2554 suis
685 2494 821 2554 membris
842 2500 992 2554 veneratus
1015 2493 1094 2570 est⁴).

80 2572 214 2640 Uiautem
229 2581 372 2640 Dominus
388 2579 476 2640 Jesus
498 2587 608 2641 tantam
628 2579 817 2640 humilitatem
838 2577 938 2659 tantii)
960 2582 1094 2656 principis

80 2664 153 2726 oliam
170 2669 199 2726 in
222 2669 364 2745 praesenti
385 2674 591 2744 remuneraret,
619 2675 648 2727 ct
667 2674 702 2727 ut
721 2669 810 2727 verba
832 2685 885 2727 sua
906 2683 974 2726 vcra
996 2675 1095 2726 osten·

79 2747 237 2830 deniquae
260 2753 383 2814 dixerat:
406 2756 554 2832 Quicquid
577 2757 632 2814 uni
659 2773 695 2814 ec
723 2758 850 2812 minimis
878 2757 948 2812 mdc
970 2753 1094 2828 fecistis,

79 2839 138 2897 uiti
167 2839 321 2920 (teutmv,
352 2841 384 2901 se'
410 2842 449 2900 illi
475 2843 609 2904 exhibere
634 2841 769 2923 dignatus
797 2847 849 2900 est
902 2839 981 2898 Audi
1008 2839 1094 2899 sliam

78 2924 208 3002 monum,
228 2930 285 2990 lata
305 2925 401 2992 adhuc
423 2928 658 2990 excellentiorem.

386 3083 617 3148 CAPITULUM
637 3083 772 3146 XXXII.

161 3206 208 3266 De
227 3201 374 3282 Episcopo
402 3208 454 3282 qui
475 3207 580 3283 leprosi
600 3223 688 3268 marce
710 3206 830 3282 diriperes,
852 3223 998 3282 pemmoni

414 3293 589 3354 decidentem
611 3295 742 3370 suscepit.

130 3391 170 3454 lio
205 3401 332 3472 tempore
364 3413 422 3475 quo
453 3395 578 3460 haeresis
610 3396 790 3458 Albisnsium
821 3397 959 3476 pullulare
988 3403 1094 3478 coepit,

77 3481 214 3559 contigisse
228 3481 330 3544 dicitur
344 3484 421 3560 quod
441 3501 534 3546 namo.
577 3483 646 3544 Erat
666 3486 695 3543 in
716 3501 804 3562 regno
825 3483 1001 3546 Francorum
1024 3485 1094 3562 lipi-

91 3577 118 3647 θ)
133 3579 217 3704 islongl.
236 3581 256 3638 l.
273 3597 299 3652 p.
319 3582 377 3704 lidi.
395 3613 428 3622 -
449 3583 479 3654 1)
497 3583 595 3705 Vitull,
608 3586 634 3705 51.
651 3583 693 3685 lV,
704 3582 728 3635 3.
749 3613 779 3668 7
799 3583 830 3650 2)
850 3583 868 3634 B
887 3592 1040 3702 montituus.
1061 3614 1090 3623 -

176 3654 970 3792 atiterritt>,permistusque
986 3661 1094 3798 otu

135 3796 175 3840 tna
190 3798 231 3842 cst
246 3789 494 3844 invisibiliter.“
518 3791 591 3856 Quod
608 3790 829 3843 invisibiliter
847 3785 1094 3838 hocioeocxcidrsse

137 3857 240 3910 uidetur.
260 3889 290 3900 -
310 3861 341 3930 5)
360 3861 452 3936 tanti
465 3875 504 3910 om
524 3859 551 3912 B.
572 3889 601 3898 -
621 3861 653 3927 o)
672 3859 757 3910 liatth.
777 3858 878 3999 255ᾒ45.
