2512 4254
329 275 383 336 DE
405 271 587 338 CORPOIOE
604 271 777 334 :carrium
1021 275 1080 334 111

60 413 135 458 nosse
155 394 345 472 quodmalae
366 397 442 456 ritae
464 394 660 455 sacerdotibus
680 393 822 454 Dominus
843 393 984 470 comodat,
1005 395 1083 471 quod

60 486 142 544 rhais
156 483 354 561 crucifigatm‘l
395 477 598 544 Naulocha:
618 480 703 542 ⁴Volo.
747 479 982 542 MONACHUS:
1004 481 1082 542 Audi

59 573 188 632 misnam
210 571 361 632 terribilem
376 570 402 650 Γ),

419 722 652 786 crimmum
672 723 727 785 VI.

75 827 118 892 Dc
135 827 288 890 seemddte
306 829 361 905 *qui
381 829 507 888 hostium
528 832 560 888 in
583 847 633 888 ore
655 827 691 888 ob
712 827 855 904 maleficia
876 843 1006 901 sacena,
1029 829 1064 886 de

344 917 461 976 ecclmio
483 916 580 991 cprcdi
600 933 662 997 non
679 919 786 992 potuit.

112 1015 257 1082 Sacerdm
278 1019 395 1096 quidam
408 1019 577 1079 'luxuriosus
597 1020 731 1078 seminam
750 1020 930 1095 precabatur.
961 1017 999 1077 Et
1021 1036 1086 1078 cum

59 1101 125 1167 illius
151 1124 210 1167 non
230 1114 330 1184 posset
347 1107 455 1168 habere
477 1123 663 1182 consensum,
692 1105 768 1166 dicta
788 1109 876 1166 missa
897 1124 1000 1181 corpus
1018 1105 1086 1165 Do-

60 1195 121 1252 mini
140 1193 358 1254 mundissimum
379 1196 408 1252 in
430 1211 478 1254 ore
499 1197 598 1268 tenuit,
619 1211 737 1269 sperans
758 1196 782 1252 si
805 1197 846 1254 sic
867 1193 944 1252 illam
962 1192 1086 1252 deoscu-

61 1279 172 1356 laretur,
205 1280 282 1358 quod
315 1283 346 1340 ri
378 1283 547 1341 sacramenti
574 1280 708 1340 voluntas
737 1283 797 1340 eius
825 1280 864 1339 ad
895 1298 961 1339 suos
989 1280 1086 1340 libitus

62 1367 241 1428 inclinaretur.
283 1366 342 1428 Sed
366 1367 510 1427 Dominus
539 1370 589 1443 qui
615 1385 667 1444 per
693 1367 862 1426 Zachariam
870 1364 891 1446 ²)
912 1367 1088 1444 Prophetam

64 1458 235 1530 conqueritur
264 1453 299 1513 de
319 1454 490 1515 rhuiusmodi
510 1455 706 1524 sacerdotibus
729 1454 839 1532 dicens:
860 1455 901 1514 Et
922 1474 969 1513 nne
990 1459 1087 1514 creci-

62 1541 140 1616 der'tb
159 1560 231 1618 pona
253 1549 317 1602 totu
338 1541 392 1615 dic,
413 1542 464 1601 tali
477 1541 574 1601 ordine
590 1541 731 1602 maleficia
753 1543 813 1602 eius
826 1541 982 1616 impedivit.
1014 1540 1087 1600 Cum

66 1629 133 1690 exiro
151 1628 239 1688 vellet
259 1627 295 1687 de
316 1631 389 1690 ostio
412 1629 563 1704 ecclesiae,
585 1631 625 1688 sic
646 1629 701 1687 sibi
723 1629 849 1687 crescere
871 1628 1034 1703 videbatur,
1055 1634 1088 1686 ut

65 1711 172 1790 bquear
201 1717 315 1776 oratorii
342 1719 449 1775 vertice
471 1715 611 1791 ¹pulsaret
654 1713 780 1774 Territus
802 1717 887 1774 miser
907 1715 1031 1774 hostiam
1053 1713 1089 1773 da
1168 1730 1178 1754 r

67 1815 108 1860 ore
127 1820 178 1862 suo
202 1805 341 1877 errtraxit,¹
360 1810 388 1862 ot
410 1805 477 1879 quia
498 1805 600 1862 mentis
621 1805 705 1878 inops
726 1808 795 1878 erat,
815 1803 844 1860 in
866 1802 971 1879 angulo
994 1794 1094 1862 eccla-⁴

47 1889 118 1948 -siae
145 1907 208 1950 eam
236 1889 375 1965 sepehvit.
417 1886 533 1950 Timone
554 1906 623 1949 varo
645 1889 782 1948 ultionem
804 1889 929 1948 divinam
951 1906 1090 1966 superse

68 1974 167 2057 etms)
190 1983 348 2049 venturam,
369 1977 510 2036 sacerdoti
531 1976 645 2036 cuidam
665 1977 719 2036 sibi
740 1975 869 2036 familiari
883 1975 1029 2043 confessus
1047 1983 1091 2035 ast

68 2061 245 2141 sacrilegium.
288 2063 344 2140 Qui
364 2063 448 2123 simui
469 2064 506 2123 ad
518 2061 623 2124 'locum
644 2062 826 2138 accedentes,
847 2066 951 2123 reiecto
973 2063 1090 2140 pulvere

69 2164 117 2208 non
134 2156 299 2228 repererunt
320 2151 446 2226 speciem
466 2153 557 2226 panis,
578 2150 629 2210 scd
650 2151 769 2210 sormam
789 2151 856 2210 licat
871 2151 1013 2210 modicam
1034 2150 1089 2209 ho-

69 2237 141 2297 minis
170 2241 202 2298 in
235 2254 318 2298 cruce
350 2238 507 2314 pendentis.
559 2237 630 2296 Erat
662 2239 736 2297 enim
770 2255 873 2298 carnea
906 2245 934 2298 et
965 2245 1091 2297 cruenta

70 2319 135 2398 Quid
160 2330 263 2402 postca
291 2323 327 2384 da
349 2341 384 2384 ea
402 2325 510 2386 factum
531 2326 575 2400 sit,
603 2324 650 2384 vel
672 2325 894 2402 quidsacerdos
916 2328 1012 2402 egerit,
1032 2340 1090 2383 non

70 2411 205 2487 recordor,
227 2415 294 2488 quia
316 2409 365 2470 diu
387 2417 430 2472 est
451 2429 487 2472 ex
509 2428 566 2488 quo
588 2411 661 2474 haec
682 2413 751 2471 mihi
772 2413 809 2472 ab
831 2411 998 2471 Hermanno
1021 2429 1091 2471 can-

69 2499 121 2556 tora
139 2507 254 2574 nosho,
276 2501 321 2558 cui
341 2498 459 2558 historia
480 2501 549 2558 satis
569 2505 639 2558 nota
661 2505 737 2574 erat,
761 2502 881 2558 recitata
902 2505 977 2558 sunt
1016 2497 1091 2558 NO-

71 2579 206 2646 VlCIUS:
235 2585 367 2645 Deterior
393 2586 447 2645 fuit
473 2587 526 2644 istc
556 2585 768 2646 crucifixoribus
798 2585 910 2645 Christi.
959 2584 1091 2646 MONA-

72 2665 179 2734 CHUS:
205 2673 315 2733 Verum
337 2679 381 2732 est
408 2675 475 2748 quia
502 2676 527 2731 ot
548 2673 591 2730 titt
613 2676 821 2748 copnovieaent,
842 2692 999 2748 nunquam
1023 2673 1091 2732 Do-

72 2761 175 2818 minum
201 2761 315 2836 plorioe
346 2755 594 2836 computarent&
648 2760 706 2820 Iste
737 2763 881 2836 cognitum
909 2759 1094 2834 contempsit,

73 2841 121 2924 ti‘)
148 2846 355 2908 contemnendo
392 2845 538 2905 crucifixit.
585 2845 655 2905 Jam
673 2849 732 2904 tibi
760 2849 828 2906 satis
856 2846 1008 2921 probatum
1043 2863 1093 2906 ar·

73 2928 150 2992 bitror
183 2933 262 3009 quod
297 2933 351 2992 suh
376 2935 475 3009 spacia
495 2935 578 3008 panis
596 2935 636 2991 ait
656 2951 757 2992 verum
778 2950 881 3007 corpus
910 2932 1028 3008 Christi,
1066 2940 1095 2992 at

73 3021 124 3076 lam
142 3039 161 3080 a
181 3019 262 3081 malis
292 3037 378 3096 quam
399 3038 418 3080 a
440 3021 523 3079 bonis
545 3019 741 3080 sacerdotibus
760 3013 937 3079 confidatur.
980 3018 1096 3080 NOVI-

74 3099 166 3167 CIUS:
194 3107 226 3167 Si
247 3106 409 3168 sacerdotes
431 3123 530 3166 omnes
551 3107 620 3166 talia
641 3105 785 3181 audirent,
813 3105 974 3183 auditisque
996 3106 1097 3167 crede-

76 3197 140 3270 rent,
165 3201 235 3270 puto
266 3194 343 3271 quod
371 3193 436 3269 plus
465 3210 552 3268 quam
573 3193 659 3254 modo
682 3193 783 3253 deifica
804 3202 984 3254 sacramenta
1004 3195 1098 3255 hono-

74 3287 166 3340 rarent.
206 3279 441 3341 MONACHUS:
471 3281 547 3342 Satis
569 3275 757 3361 miserabile⁶)
781 3287 837 3356 est,
871 3282 948 3356 quod
968 3299 1022 3342 nos
1043 3282 1099 3341 ho-

76 3368 154 3428 mines
173 3386 225 3444 pro
241 3385 360 3445 quorum
383 3368 474 3428 salute
495 3368 776 3428 hocsacramentum
787 3370 946 3428 institutum
969 3376 1019 3443 est,
1039 3375 1100 3428 tam

77 3455 152 3528 tepidi
172 3458 247 3516 circa
274 3453 373 3534 illud⁷)
402 3471 516 3530 sumus,
546 3471 611 3514 cum
640 3455 724 3515 bruta
753 3456 901 3532 animalia,
932 3473 1045 3516 vermes
1073 3462 1102 3515 et

77 3542 174 3614 reptilia
194 3545 224 3600 in
243 3542 292 3602 illo
314 3541 479 3601 Creatorem
501 3559 586 3601 suum
606 3541 852 3622 recognoscantss).

93 3637 119 3706 1)
134 3641 245 3694 Brutis
264 3641 459 3694 terribilem.
479 3670 510 3681 -
530 3642 562 3708 2)
580 3641 601 3692 ll
620 3642 823 3705 Malachiam,
840 3649 869 3694 ut
887 3657 962 3708 supra
979 3639 1042 3703 virt,
1060 3641 1102 3691 27.

135 3709 201 3764 idem
225 3711 294 3796 locus
313 3713 421 3763 occurrit
439 3710 558 3774 introii,
576 3712 624 3774 20,
643 3713 720 3764 tacito
735 3712 877 3779 Prophetae
893 3710 1001 3762 nomine.
1019 3738 1052 3747 -
1071 3710 1104 3830 33

138 3779 176 3833 Cl'
191 3797 293 3834 erres.
312 3807 342 3822 -—
363 3783 395 3849 1)
413 3779 472 3836 Cor.
490 3781 514 3844 l,
531 3782 562 3844 2,
584 3782 611 3834 8.
632 3809 662 3822 -
682 3784 713 3848 5)
737 3792 771 3833 et
794 3797 834 3834 orn
853 3779 906 3834 AD.
931 3808 962 3820 -
985 3778 1017 3846 6)
1039 3778 1084 3830 AD

137 3851 293 3904 mirabile.
312 3882 345 3890 -
364 3853 395 3922 7)
414 3853 500 3916 circa
518 3849 599 3902 illud
616 3849 665 3902 add
683 3851 711 3903 Β.
732 3879 761 3892 -
782 3851 815 3919 8)
832 3849 853 3901 B
871 3856 1081 3916 cognoscant.
