2536 4248
264 248 303 304 74
567 241 794 304 DISTINOTIO
816 242 991 305 SEPTIMA

260 366 371 440 herbis,
401 363 453 425 sed
481 370 575 426 mente
608 383 705 428 mnus.
747 365 805 426 Hie
826 383 894 424 eum
914 373 982 426 aute
1002 365 1108 426 horam
1131 368 1177 426 exi

260 455 335 512 sieut
355 453 392 512 ab
416 456 476 512 eius
498 451 615 512 Abbate
638 451 737 527 didici,
760 452 914 512 daemones
937 455 1013 513 circa
1033 469 1066 513 sc
1088 453 1177 512 viden

260 557 323 599 rum
358 541 572 614 importunitate
599 538 684 598 valde
716 539 866 614 turbatus,
895 539 1019 604 clamare
1049 541 1163 616 coepit:

259 626 368 700 Maria,
396 627 486 686 libera
514 643 560 684 me
589 627 626 686 ab
655 629 716 684 istis
746 627 902 701 vilissimis,
931 628 1057 686 crebrius
1079 626 1177 688 hoen

259 711 418 774 Audientes
439 713 601 772 huiusmodi
622 712 790 788 clamorem,
814 713 844 771 hi
866 714 915 788 qui
938 717 1013 774 cirea
1035 731 1105 774 eum
1128 730 1177 773 era

259 800 444 875 mirabantur,
466 802 586 858 scientes
610 817 676 858 cum
697 817 760 858 csse
781 803 967 876 taciturnum,
992 791 1024 860 'et
1044 803 1096 862 vix
1118 800 1158 860 ad

258 893 328 963 gata
362 885 543 963 respondere.
586 886 775 946 Postmodum
788 883 804 964 ¹)
836 890 977 962 respirans
1007 892 1036 946 et
1064 887 1177 950 irretiunt

258 975 435 1034 Bencvaniat
470 975 616 1032 carissima
643 973 769 1032 Domina
802 991 882 1048 mea,
928 974 1111 1034 beneveuiat.
1173 973 1177 1032 3

258 1078 376 1120 manum
397 1065 496 1120 contra
518 1059 672 1119 daemones
693 1059 807 1134 levans,
839 1066 869 1119 et
889 1062 930 1120 cis
951 1061 1109 1136 insultans,
1135 1061 1177 1120 sul

259 1147 349 1207 Modo
370 1149 461 1206 iacete
483 1163 535 1206 vos
556 1148 605 1220 ibi,
628 1147 714 1205 modo
737 1149 828 1206 iacete
849 1165 903 1206 vos
924 1149 973 1206 ibi.
1016 1147 1124 1223 Sisque
1146 1165 1177 1223 p<

259 1233 354 1292 dicum
363 1229 401 1312 ²),
421 1232 535 1308 placido
558 1233 639 1292 vultu
662 1235 827 1309 exspiravit,
850 1233 958 1310 augelis
980 1234 1119 1310 gaudium
1141 1234 1177 1292 iat

259 1319 359 1394 coelo,
390 1319 442 1378 sed
465 1338 523 1379 non
552 1321 696 1379 modicum
729 1319 857 1380 dolorem
888 1320 1021 1380 iratribus
1051 1324 1083 1380 iu
1115 1338 1177 1380 mor

257 1407 364 1468 Fuerat
386 1409 461 1466 euim
482 1407 649 1466 adolescens
670 1406 763 1466 bonus
786 1413 815 1466 ct
835 1406 1046 1482 disciplinatus,
1073 1410 1156 1484 virgo

259 1500 287 1554 et
316 1499 420 1553 mente.
462 1494 523 1552 Nee
552 1493 740 1552 dubitandum
769 1499 827 1568 est,
857 1497 926 1569 quin
953 1497 983 1552 in
1012 1494 1140 1556 adventu
1169 1497 1177 1555 l

258 1579 344 1655 coeli,
373 1583 464 1640 omnis
493 1580 542 1639 illa
570 1582 655 1640 turba
684 1582 832 1656 spirituum
854 1581 1044 1656 malignorum
1064 1581 1177 1657 imputa

252 1667 377 1741 'deiecta
399 1669 473 1726 sicut
486 1670 516 1726 in
539 1674 602 1726 ortu
623 1668 691 1728 solis
713 1667 819 1727 nebula
841 1667 1011 1744 dispergitur
1032 1671 1177 1728 matutina

257 1753 405 1814 VICIUS:
428 1754 459 1813 Si
478 1754 604 1813 Domina
625 1762 724 1814 nostra
746 1753 972 1829 clementissima,
992 1757 1021 1813 in
1043 1762 1135 1815 morte
1158 1773 1177 1831 p

256 1843 309 1914 ris,
337 1844 412 1899 sicut
440 1858 527 1916 supra
555 1841 662 1900 dictum
690 1845 733 1901 est
754 1841 879 1916 capitulo
900 1858 991 1915 nono,
1024 1841 1088 1901 sola
1108 1859 1162 1902 sua

257 1927 353 1987 cordia
373 1927 543 1986 daemonum
566 1927 718 1986 cachinnos
742 1930 924 2003 compescuit,
946 1945 1004 1987 non
1024 1930 1111 1988 miror
1132 1931 1158 1988 si

256 2021 287 2072 tu
317 2013 402 2073 huius
430 2016 497 2072 iusti
525 2020 646 2074 terrores
674 2014 787 2072 illorum
814 2013 955 2073 indebitos
977 2016 1119 2090 repressit.
1160 2015 1177 2072 lt

257 2099 374 2161 CHUS:
397 2101 476 2160 Bene
499 2103 596 2159 sontis.
638 2100 767 2177 Dignum
787 2107 858 2175 erat,
879 2107 911 2158 ut
931 2107 1024 2160 mater
1044 2104 1131 2160 totius
1154 2120 1177 2162 ct

257 2189 342 2248 etiam
356 2193 422 2246 ante
439 2193 561 2246 mortem
582 2190 610 2245 in
632 2204 685 2247 suo
706 2187 813 2246 famulo
835 2194 896 2247 tam
917 2188 1041 2248 iocunda
1061 2191 1177 2250 visitati<

255 2280 418 2334 muneraret
445 2277 580 2333 virtutem
607 2276 785 2350 virginitatis.
827 2275 888 2334 Nec
919 2275 975 2334 hoc
1002 2279 1087 2334 miror
1108 2275 1177 2351 dep

255 2361 412 2435 monache,
441 2379 508 2420 curn
537 2362 574 2420 ob
603 2361 724 2420 eandem
745 2363 879 2432 virbrtem
899 2364 1029 2422 noverim
1050 2380 1132 2422 suam
1153 2381 1177 2440 pt

255 2449 325 2507 tiam
352 2447 467 2508 cuidam
496 2447 636 2508 saeculari
660 2447 762 2508 clerieo
783 2451 915 2509 morienti
936 2449 993 2509 Dei
1014 2447 1177 2509 Genitricen

255 2534 362 2594 buisse.

609 2689 844 2752 CAPITULUM
864 2691 928 2754 LV.

327 2813 404 2872 Item
427 2811 462 2872 de
483 2815 625 2872 canonico
649 2811 820 2888 Coloniensi,
842 2817 891 2872 eui
911 2816 943 2872 ia
961 2813 1020 2890 fine
1040 2832 1070 2872 aa
1092 2821 1177 2874 ostem

321 2950 447 3028 Quidam
477 2953 629 3012 eanonicus
658 2953 773 3012 maioris
789 2950 941 3014 ‘'eeclesiac
961 2955 991 3012 in
1013 2953 1143 3029 Colonia,
1170 2971 1177 3014 e

255 3040 388 3097 extremis
410 3046 521 3114 ageret,
544 3040 660 3098 beatam
680 3039 803 3099 Mariam
824 3047 1003 3117 praesentem
1024 3041 1094 3100 vidit
1114 3046 1142 3100 et
1161 3059 1177 3100 a

256 3121 351 3200 Quam
371 3126 511 3184 visionem
533 3143 598 3185 cum
621 3128 870 3186 circumstantibus
890 3130 1045 3202 recitasset,
1066 3127 1177 3204 alaphar

233 3203 236 3212 ⁴
254 3209 366 3270 sibilem
378 3213 555 3271 invisibiliter
566 3216 681 3289 recepit.
724 3211 927 3274 NOVICIUS:
953 3213 1101 3290 Quaesivit
1118 3216 1157 3274 ibi

253 3293 489 3358 MONACHUS:
511 3299 587 3358 Puto
600 3296 797 3380 quiaiuenis³)
819 3300 924 3376 gloria,
944 3317 1177 3378 quacmoxperc

255 3382 390 3461 clepham
412 3389 456 3443 est
477 3391 586 3444 sauata.
608 3387 778 3446 Vocabatur
792 3388 867 3446 enim
877 3385 1023 3463 Albcrtus,
1045 3394 1073 3447 et
1091 3388 1177 3447 liceto

253 3470 338 3530 inerit
359 3477 464 3546 castus,
486 3473 555 3531 satis
571 3478 666 3532 tamen
682 3474 787 3532 exstitit
808 3473 963 3534 saecularis
984 3481 1013 3536 et
1034 3474 1172 3550 delicatus,

272 3727 304 3796 1)
322 3725 437 3851 Bw?
460 3725 629 3852 modicum.
648 3758 681 3768 -
699 3727 770 3798 ηδ
788 3738 863 3796 post
885 3729 1058 3798 paululum.
1078 3709 1108 3772 -’
1128 3732 1158 3800 ³)
1175 3729 1177 3784 l

323 3813 372 3850 ars
406 3813 520 3852 ursae.
