2512 4254
168 269 229 331 138
255 276 265 300 ¹
498 269 725 334 DISTINO'I'IO
748 269 914 336 OCTAVA

496 480 729 542 CAPPPULUM
750 481 877 543 LXVII.

232 603 281 664 De
307 603 437 680 reliquiis
463 610 634 682 martyrum
655 600 762 684 quue¹)
784 604 979 663 Bernardum
999 606 1032 664 iu
1052 605 1137 664 lutere
1242 574 1245 589 Ι

369 691 598 778 stimulaverunt
618 707 687 750 cum
707 691 804 750 illicite
824 698 1002 752 moveatur.

231 809 562 874 Bernardusmonachus
581 817 678 871 noster
696 817 825 887 tempore
847 809 974 887 quodam
995 815 1063 870 ante
1083 823 1189 870 convcr-

167 899 277 958 sionem
305 899 401 958 nescio
430 914 489 975 quo
509 901 616 973 iturus,
642 897 776 974 reliquias
797 897 950 958 beatorum
971 903 1125 975 martyrum
1142 895 1190 956 lo-
1245 911 1251 950 tr

167 984 270 1046 hannis
299 991 328 1044 et
354 983 439 1044 Pauli
464 985 494 1043 in
523 985 642 1060 capsula
670 984 709 1044 ad
736 985 813 1044 latus
839 986 983 1060 portabat
1026 984 1117 1061 Quem
1135 999 1190 1042 cnm
1250 983 1251 1036 ζ

168 1073 261 1132 cunis
288 1073 432 1148 incentiva
459 1071 498 1130 ad
525 1070 743 1132 delectationem
763 1078 920 1145 moverent,
940 1073 1033 1132 sancti
1052 1075 1191 1147 martyres,
1246 1089 1251 1122 t

168 1161 238 1235 quia
251 1165 347 1218 motus
367 1157 480 1218 illicitos
500 1161 669 1235 restringere
689 1161 748 1216 noir
770 1165 920 1218 conaretur
928 1155 958 1238 ²),
971 1175 1031 1234 *per
1052 1156 1191 1234 capsellam
1250 1156 1251 1212 ξ

167 1245 244 1306 aun
271 1246 332 1304 eius
354 1243 423 1304 dure
446 1248 516 1304 satis
536 1245 656 1306 tundere
678 1251 842 1321 coeperunt.
885 1244 972 1321 Quod
994 1262 1060 1305 eum
1079 1243 1125 1304 ille
1142 1259 1191 1302 non

162 1331 345 1407 adverteret,
366 1337 395 1391 et
415 1333 540 1391 motibus
560 1331 717 1392 libidinosis
739 1333 967 1408 quiescentibus,
988 1335 1075 1392 ctiam
1094 1332 1192 1390 musio·
1247 1379 1251 1390 ,

167 1414 249 1498 nos⁸)
272 1424 431 1493 cessarent„
459 1435 511 1494 per
537 1418 623 1478 horas
644 1415 800 1499 aliquas⁴),
822 1437 888 1478 cum
908 1421 1012 1478 iterum
1032 1411 1191 1478 titillationes
1247 1447 1251 1494 p

168 1511 332 1583 surgerent,
359 1511 515 1566 renovatae
541 1512 608 1566 sunt
629 1511 658 1564 et
677 1508 856 1583 punctiones.
898 1504 944 1566 Ac
965 1507 990 1565 ei
1010 1507 1102 1566 sancti
1120 1516 1192 1564 suun
1248 1552 1249 1561 ,

167 1591 297 1653 baiulum
317 1609 390 1653 voce
410 1592 576 1670 prophetica
596 1594 783 1668 increparent,
805 1591 946 1652 dicentes:
968 1590 1193 1666 Meandaraei
1250 1613 1251 1624 ¹

167 1679 230 1758 fers
257 1697 332 1741 oasa
359 1675 522 1756 Domintss.
564 1679 646 1740 Vasa
665 1679 782 1739 Domini
807 1684 874 1748 sunt
895 1696 1014 1754 corpora
1036 1685 1192 1738 sanctornm

169 1766 246 1842 Hinc
274 1771 318 1828 est
347 1766 424 1842 quod
452 1764 640 1826 Achimclech
662 1759 828 1846 sacerdoti‘)
851 1782 917 1824 curn
938 1765 1093 1826 haesitaret
1110 1765 1193 1841 pneris

169 1847 267 1914 David
288 1852 357 1913 dare
377 1849 482 1928 patrem
503 1858 650 1928 sanctum,
673 1852 771 1913 David
790 1852 952 1928 respondit:
981 1851 1023 1912 Et
1044 1850 1193 1929 qamt
1248 1897 1249 1902 ,

170 1941 206 2000 de
226 1939 397 2000 munda
417 1944 527 2016 uptteu,
551 1943 748 2000 contauimus
768 1957 823 1999 ecoe
844 1938 882 1997 ab
903 1940 967 1998 iteri
988 1946 1017 1999 ct
1036 1939 1193 2000 audium-

170 2030 229 2088 iius
257 2027 379 2103 quondo
400 2026 637 2104 epredtebcmur3
665 2034 693 2086 et
708 2027 835 2103 (auant
854 2043 945 2100 oasa,
973 2026 1004 2085 id
1025 2031 1070 2087 est
1090 2039 1195 2102 corpora

170 2130 332 2192 puerorum,
352 2110 498 2192 sancta'),
519 2113 549 2172 id
563 2113 762 2174 estmundaa
782 2113 944 2173 concubitu.
985 2112 1025 2174 Et
1045 2115 1118 2174 sicut
1136 2109 1194 2170 miii

169 2201 266 2262 retulit
292 2198 455 2277 praedictus
483 2200 662 2275 Bernardus,
690 2217 758 2259 mcx
780 2206 812 2260 nt
832 2205 933 2259 notare
955 2202 1051 2276 coepit
1070 2213 1194 2276 posnan

169 2289 200 2347 in
228 2293 367 2365 quantum
393 2289 487 2363 potuit
508 2289 684 2363 compescuit
705 2286 833 2362 culpam,
862 2303 898 2346 ex
919 2286 975 2346 hoe
997 2287 1109 2348 discens
1129 2279 1195 2362 quod

170 2377 276 2434 sanctis
297 2371 439 2453 placeat⁸)
460 2390 519 2432 non
538 2374 633 2433 solum
653 2373 793 2433 munditia
813 2375 959 2449 mentium,
981 2373 1032 2434 sed
1055 2377 1084 2434 et
1104 2386 1195 2448 corpo-

170 2457 273 2542 rum⁹).
314 2459 517 2521 NOVIGIUS:
539 2459 615 2536 Quid
637 2463 724 2522 sentis
746 2459 782 2520 de
802 2458 1047 2544 praedicatoribus
1070 2459 1137 2535 illis,
1157 2455 1195 2532 qni

171 2554 283 2608 autum
314 2555 430 2625 propter
465 2556 616 2623 quaestum
647 2547 780 2622 reliquias
805 2553 969 2607 sanctorum
995 2545 1195 2616 circunierunt,

171 2628 334 2712 multosque
362 2633 524 2711 decipiunt?
553 2633 786 2694 MONACHUS:
813 2633 900 2711 Quod
927 2637 1019 2694 sancti
1046 2633 1086 2694 ad
1110 2632 1196 2692 talium

171 2723 260 2783 milas
288 2721 483 2800 indignentur,
512 2721 606 2782 dicam
633 2723 685 2781 tibi
713 2721 782 2798 quid
795 2718 826 2804 ¹⁰)
855 2721 1013 2782 monachus
1036 2713 1196 2796 quidinde

171 2809 310 2872 Bruwilr'e
329 2809 400 2872 mihi
419 2811 559 2870 recitavit

495 3016 729 3079 cerrunnn
748 3017 890 3079 uxum.
947 2967 952 2974 ¹
1006 3011 1008 3015 ·
1048 2976 1053 2981 ’

355 3141 404 3202 Dc
425 3140 510 3202 mie
530 3142 625 3202 eoacti
644 3139 791 3236 Nycltolai
811 3142 844 3204 in
864 3139 1023 3244 Brututlr'e.

238 3277 362 3354 Quando
391 3279 541 3341 ecclesiam
568 3296 652 3340 suam
673 3279 806 3340 monaehi
826 3279 884 3339 iam
905 3278 974 3346 dicti
994 3277 1126 3340 coenobii
1144 3289 1198 3336 sm·

173 3363 263 3443 pliere
298 3363 514 3442 disposuerunt,
544 3383 595 3442 per
630 3365 771 3442 quosdam
799 3365 963 3426 sacerdotes
991 3361 1198 3426 saecularesin

173 3452 272 3530 lingua
291 3457 436 3530 potentes,
458 3459 487 3513 ct
507 3453 546 3513 ad
568 3452 777 3529 emungendam
797 3454 950 3530 pecuniam
971 3451 1118 3529 efficaces,
1138 3449 1198 3509 den·

192 3638 226 3710 t)
242 3637 262 3694 t>
279 3637 340 3707 qni.
359 3665 392 3680 ·-
409 3637 443 3707 2)
460 3636 483 3692 B
500 3646 527 3690 et
543 3653 575 3705 pr
591 3637 615 3692 Α
638 3637 845 3706 restringere
862 3645 1070 3690 conarentur.
1088 3666 1120 3680 ·-
1137 3627 1197 3703 3)B

243 3708 425 3762 tonsiones.
444 3735 475 3752 -
494 3708 527 3776 4)
544 3707 566 3762 Β
585 3715 660 3774 poet
677 3705 792 3759 horam.
811 3735 843 3748 -
863 3707 1048 3774 5)1sai.52,
1067 3706 1110 3761 11.
1127 3699 1185 3752 -6

244 3777 267 3832 Β
285 3776 446 3833 sacerdos.
464 3805 498 3816 -
516 3777 548 3844 7)
565 3775 628 3844 lieq.
646 3775 725 3841 1,21‚
743 3776 768 3828 5.
787 3805 819 3818 -
838 3776 870 3844 8)
887 3775 973 3830 AODP
990 3775 1110 3845 placet.
1128 3803 1156 3816 -
1172 3768 1185 3822 9

244 3847 287 3904 Bi’
304 3841 963 3914 mentis-corporir.-10)AGPquod.
