<?xml version="1.0" encoding="UTF-8"?>
<!DOCTYPE html PUBLIC "-//W3C//DTD XHTML 1.0 Transitional//EN"
    "http://www.w3.org/TR/xhtml1/DTD/xhtml1-transitional.dtd">
<html xmlns="http://www.w3.org/1999/xhtml" xml:lang="en" lang="en">
 <head>
  <title>
</title>
<meta http-equiv="Content-Type" content="text/html;charset=utf-8" />
  <meta name='ocr-system' content='tesseract 3.04.00' />
  <meta name='ocr-capabilities' content='ocr_page ocr_carea ocr_par ocr_line ocrx_word'/>
</head>
<body>
  <div class='ocr_page' id='page_1' title='image "./caesariiheister02stragoog_0180.png"; bbox 0 0 2512 4254; ppageno 0'>
   <div class='ocr_carea' id='block_1_1' title="bbox 326 247 1080 324">
    <p class='ocr_par' dir='ltr' id='par_1_1' title="bbox 326 213 1080 324">
     <span class='ocr_line' id='line_1_1' title="bbox 326 247 1080 324; baseline -0.008 -12"><span class='ocrx_word' id='word_1_1' title='bbox 326 249 382 314; x_wconf 87' lang='lat' dir='ltr'><strong>na</strong></span> <span class='ocrx_word' id='word_1_2' title='bbox 403 247 587 324; x_wconf 81' lang='lat' dir='ltr'><strong>coaroan</strong></span> <span class='ocrx_word' id='word_1_3' title='bbox 609 247 775 322; x_wconf 79' lang='lat' dir='ltr'><strong>curram</strong></span> <span class='ocrx_word' id='word_1_4' title='bbox 1020 249 1080 307; x_wconf 83' lang='lat' dir='ltr'><strong>roo</strong></span> 
     </span>
    </p>
   </div>
   <div class='ocr_carea' id='block_1_2' title="bbox 410 439 720 537">
    <p class='ocr_par' dir='ltr' id='par_1_2' title="bbox 410 439 720 537">
     <span class='ocr_line' id='line_1_2' title="bbox 410 439 720 537; baseline -0.006 -37"><span class='ocrx_word' id='word_1_5' title='bbox 410 439 643 512; x_wconf 74' lang='lat' dir='ltr'><strong>CAPITULUM</strong></span> <span class='ocrx_word' id='word_1_6' title='bbox 665 439 720 537; x_wconf 85' lang='lat' dir='ltr'><strong>¹III.</strong></span> 
     </span>
    </p>
   </div>
   <div class='ocr_carea' id='block_1_3' title="bbox 91 538 1052 729">
    <p class='ocr_par' dir='ltr' id='par_1_3' title="bbox 91 538 1052 729">
     <span class='ocr_line' id='line_1_3' title="bbox 91 538 1052 648; baseline -0.003 -22"><span class='ocrx_word' id='word_1_7' title='bbox 91 566 131 626; x_wconf 85' lang='lat' dir='ltr'><strong>Dc</strong></span> <span class='ocrx_word' id='word_1_8' title='bbox 149 565 285 641; x_wconf 81' lang='lat' dir='ltr'><strong>Adolpbo</strong></span> <span class='ocrx_word' id='word_1_9' title='bbox 307 538 458 626; x_wconf 76' lang='lat' dir='ltr'><strong>sacerdote</strong></span> <span class='ocrx_word' id='word_1_10' title='bbox 486 566 537 638; x_wconf 82' lang='lat' dir='ltr'><strong>qai</strong></span> <span class='ocrx_word' id='word_1_11' title='bbox 557 565 589 621; x_wconf 81' lang='lat' dir='ltr'><strong>iro</strong></span> <span class='ocrx_word' id='word_1_12' title='bbox 610 563 706 648; x_wconf 81' lang='lat' dir='ltr'><strong>boetia</strong></span> <span class='ocrx_word' id='word_1_13' title='bbox 728 561 800 622; x_wconf 83' lang='lat' dir='ltr'><strong>vidit</strong></span> <span class='ocrx_word' id='word_1_14' title='bbox 820 563 963 636; x_wconf 79' lang='lat' dir='ltr'><strong>oirptncm</strong></span> <span class='ocrx_word' id='word_1_15' title='bbox 984 581 1052 624; x_wconf 81' lang='lat' dir='ltr'><strong>corn</strong></span> 
     </span>
     <span class='ocr_line' id='line_1_4' title="bbox 206 648 924 729; baseline -0.006 -18"><span class='ocrx_word' id='word_1_16' title='bbox 206 651 332 729; x_wconf 77' lang='lat' dir='ltr'><strong>infante,</strong></span> <span class='ocrx_word' id='word_1_17' title='bbox 354 650 457 710; x_wconf 70' lang='lat' dir='ltr'><strong>dando</strong></span> <span class='ocrx_word' id='word_1_18' title='bbox 478 655 723 725; x_wconf 62' lang='lat' dir='ltr'><strong>appectoramus</strong></span> <span class='ocrx_word' id='word_1_19' title='bbox 744 648 924 724; x_wconf 66' lang='lat' dir='ltr'><strong>manticam.</strong></span> 
     </span>
    </p>
   </div>
   <div class='ocr_carea' id='block_1_4' title="bbox 15 765 1168 2940">
    <p class='ocr_par' dir='ltr' id='par_1_4' title="bbox 15 765 1168 2940">
     <span class='ocr_line' id='line_1_5' title="bbox 119 765 1168 848; baseline -0.001 -16"><span class='ocrx_word' id='word_1_20' title='bbox 119 767 187 833; x_wconf 75' lang='lat' dir='ltr'><strong>Cum</strong></span> <span class='ocrx_word' id='word_1_21' title='bbox 222 770 354 832; x_wconf 90' lang='lat' dir='ltr'><strong>dominus</strong></span> <span class='ocrx_word' id='word_1_22' title='bbox 384 770 494 830; x_wconf 74' lang='lat' dir='ltr'><strong>Abbas&#39;</strong></span> <span class='ocrx_word' id='word_1_23' title='bbox 519 769 695 846; x_wconf 78' lang='lat' dir='ltr'><strong>praedictam</strong></span> <span class='ocrx_word' id='word_1_24' title='bbox 727 771 867 829; x_wconf 88' lang='lat' dir='ltr'><strong>visionem</strong></span> <span class='ocrx_word' id='word_1_25' title='bbox 879 765 912 848; x_wconf 84' lang='lat'><strong>¹),</strong></span> <span class='ocrx_word' id='word_1_26' title='bbox 951 771 1086 831; x_wconf 87' lang='lat' dir='ltr'><strong>visitandi</strong></span> <span class='ocrx_word' id='word_1_27' title='bbox 1164 771 1168 778; x_wconf 83' lang='lat'>&#39;</span> 
     </span>
     <span class='ocr_line' id='line_1_6' title="bbox 67 855 1090 938; baseline -0.004 -17"><span class='ocrx_word' id='word_1_28' title='bbox 67 863 142 938; x_wconf 80' lang='lat' dir='ltr'><strong>gratia</strong></span> <span class='ocrx_word' id='word_1_29' title='bbox 153 877 273 938; x_wconf 85' lang='lat' dir='ltr'><strong>pergens</strong></span> <span class='ocrx_word' id='word_1_30' title='bbox 290 861 320 916; x_wconf 91' lang='lat' dir='ltr'><strong>in</strong></span> <span class='ocrx_word' id='word_1_31' title='bbox 333 859 463 932; x_wconf 77' lang='lat' dir='ltr'><strong>Frisiam,</strong></span> <span class='ocrx_word' id='word_1_32' title='bbox 485 856 599 917; x_wconf 87' lang='lat' dir='ltr'><strong>cuidam</strong></span> <span class='ocrx_word' id='word_1_33' title='bbox 612 857 693 915; x_wconf 90' lang='lat' dir='ltr'><strong>militi</strong></span> <span class='ocrx_word' id='word_1_34' title='bbox 709 857 865 931; x_wconf 71' lang='lat' dir='ltr'><strong>recitasset,</strong></span> <span class='ocrx_word' id='word_1_35' title='bbox 885 856 933 916; x_wconf 90' lang='lat' dir='ltr'><strong>ille</strong></span> <span class='ocrx_word' id='word_1_36' title='bbox 948 855 1090 934; x_wconf 84' lang='lat' dir='ltr'><strong>Adolpbo</strong></span> 
     </span>
     <span class='ocr_line' id='line_1_7' title="bbox 67 941 1087 1028; baseline 0 -22"><span class='ocrx_word' id='word_1_37' title='bbox 67 943 217 1028; x_wconf 67' lang='lat' dir='ltr'><strong>montom)</strong></span> <span class='ocrx_word' id='word_1_38' title='bbox 250 945 287 1004; x_wconf 87' lang='lat' dir='ltr'><strong>de</strong></span> <span class='ocrx_word' id='word_1_39' title='bbox 308 941 482 1024; x_wconf 83' lang='lat' dir='ltr'><strong>Dyelemc³)</strong></span> <span class='ocrx_word' id='word_1_40' title='bbox 510 946 629 1024; x_wconf 83' lang='lat' dir='ltr'><strong>recitata</strong></span> <span class='ocrx_word' id='word_1_41' title='bbox 656 943 825 1020; x_wconf 58' lang='lat' dir='ltr'><strong>replicavit„</strong></span> <span class='ocrx_word' id='word_1_42' title='bbox 856 943 941 1020; x_wconf 83' lang='lat' dir='ltr'><strong>Quod</strong></span> <span class='ocrx_word' id='word_1_43' title='bbox 969 946 1019 1004; x_wconf 90' lang='lat' dir='ltr'><strong>ubi</strong></span> <span class='ocrx_word' id='word_1_44' title='bbox 1039 946 1087 1006; x_wconf 84' lang='lat' dir='ltr'><strong>illc</strong></span> 
     </span>
     <span class='ocr_line' id='line_1_8' title="bbox 67 1029 1089 1109; baseline -0.002 -16"><span class='ocrx_word' id='word_1_45' title='bbox 67 1035 175 1109; x_wconf 88' lang='lat' dir='ltr'><strong>audivit,</strong></span> <span class='ocrx_word' id='word_1_46' title='bbox 196 1035 341 1108; x_wconf 84' lang='lat' dir='ltr'><strong>suspirans</strong></span> <span class='ocrx_word' id='word_1_47' title='bbox 364 1035 417 1091; x_wconf 86' lang='lat' dir='ltr'><strong>ait:</strong></span> <span class='ocrx_word' id='word_1_48' title='bbox 439 1030 487 1090; x_wconf 82' lang='lat' dir='ltr'><strong>Ad</strong></span> <span class='ocrx_word' id='word_1_49' title='bbox 511 1030 587 1105; x_wconf 73' lang='lat' dir='ltr'><strong>vquid·</strong></span> <span class='ocrx_word' id='word_1_50' title='bbox 604 1030 748 1098; x_wconf 47' lang='lat' dir='ltr'><strong>&#39;Dominus</strong></span> <span class='ocrx_word' id='word_1_51' title='bbox 777 1029 858 1088; x_wconf 90' lang='lat' dir='ltr'><strong>Dens</strong></span> <span class='ocrx_word' id='word_1_52' title='bbox 886 1033 953 1091; x_wconf 91' lang='lat' dir='ltr'><strong>viris</strong></span> <span class='ocrx_word' id='word_1_53' title='bbox 982 1035 1089 1091; x_wconf 90' lang='lat' dir='ltr'><strong>sanctis</strong></span> 
     </span>
     <span class='ocr_line' id='line_1_9' title="bbox 68 1115 1087 1200; baseline -0.001 -21"><span class='ocrx_word' id='word_1_54' title='bbox 68 1127 91 1180; x_wconf 88' lang='lat' dir='ltr'><strong>et</strong></span> <span class='ocrx_word' id='word_1_55' title='bbox 111 1123 138 1179; x_wconf 91' lang='lat' dir='ltr'><strong>iu</strong></span> <span class='ocrx_word' id='word_1_56' title='bbox 161 1119 217 1180; x_wconf 88' lang='lat' dir='ltr'><strong>lide</strong></span> <span class='ocrx_word' id='word_1_57' title='bbox 244 1119 374 1195; x_wconf 87' lang='lat' dir='ltr'><strong>perlectis</strong></span> <span class='ocrx_word' id='word_1_58' title='bbox 400 1119 470 1177; x_wconf 84' lang='lat' dir='ltr'><strong>talia</strong></span> <span class='ocrx_word' id='word_1_59' title='bbox 496 1115 642 1178; x_wconf 76' lang='lat' dir='ltr'><strong>ostendit?</strong></span> <span class='ocrx_word' id='word_1_60' title='bbox 684 1115 755 1176; x_wconf 83' lang='lat' dir='ltr'><strong>Milri</strong></span> <span class='ocrx_word' id='word_1_61' title='bbox 777 1121 920 1192; x_wconf 80' lang='lat' dir='ltr'><strong>peccatori</strong></span> <span class='ocrx_word' id='word_1_62' title='bbox 941 1122 1054 1194; x_wconf 90' lang='lat' dir='ltr'><strong>meique</strong></span> <span class='ocrx_word' id='word_1_63' title='bbox 1065 1115 1087 1200; x_wconf 76' lang='lat'><strong>⁴)</strong></span> 
     </span>
     <span class='ocr_line' id='line_1_10' title="bbox 67 1203 1089 1282; baseline 0 -16"><span class='ocrx_word' id='word_1_64' title='bbox 67 1207 190 1266; x_wconf 88' lang='lat' dir='ltr'><strong>similibus</strong></span> <span class='ocrx_word' id='word_1_65' title='bbox 212 1208 261 1282; x_wconf 89' lang='lat' dir='ltr'><strong>qui</strong></span> <span class='ocrx_word' id='word_1_66' title='bbox 283 1222 369 1282; x_wconf 82' lang='lat' dir='ltr'><strong>saepe</strong></span> <span class='ocrx_word' id='word_1_67' title='bbox 391 1203 427 1263; x_wconf 89' lang='lat' dir='ltr'><strong>de</strong></span> <span class='ocrx_word' id='word_1_68' title='bbox 447 1205 504 1265; x_wconf 92' lang='lat' dir='ltr'><strong>boc</strong></span> <span class='ocrx_word' id='word_1_69' title='bbox 525 1211 703 1263; x_wconf 88' lang='lat' dir='ltr'><strong>sacramento</strong></span> <span class='ocrx_word' id='word_1_70' title='bbox 726 1205 906 1282; x_wconf 88' lang='lat' dir='ltr'><strong>dubitamus,</strong></span> <span class='ocrx_word' id='word_1_71' title='bbox 926 1205 1089 1266; x_wconf 79' lang='lat' dir='ltr'><strong>huiusmodi</strong></span> 
     </span>
     <span class='ocr_line' id='line_1_11' title="bbox 68 1290 1090 1369; baseline -0.001 -15"><span class='ocrx_word' id='word_1_72' title='bbox 68 1295 178 1354; x_wconf 78' lang='lat' dir='ltr'><strong>visiones</strong></span> <span class='ocrx_word' id='word_1_73' title='bbox 199 1292 336 1352; x_wconf 89' lang='lat' dir='ltr'><strong>deberent</strong></span> <span class='ocrx_word' id='word_1_74' title='bbox 355 1291 484 1351; x_wconf 85' lang='lat' dir='ltr'><strong>revelari.</strong></span> <span class='ocrx_word' id='word_1_75' title='bbox 526 1290 583 1350; x_wconf 92' lang='lat' dir='ltr'><strong>Die</strong></span> <span class='ocrx_word' id='word_1_76' title='bbox 605 1290 731 1366; x_wconf 90' lang='lat' dir='ltr'><strong>quadam</strong></span> <span class='ocrx_word' id='word_1_77' title='bbox 753 1291 916 1352; x_wconf 90' lang='lat' dir='ltr'><strong>cumidem</strong></span> <span class='ocrx_word' id='word_1_78' title='bbox 936 1292 1090 1369; x_wconf 86' lang='lat' dir='ltr'><strong>Adolphns</strong></span> 
     </span>
     <span class='ocr_line' id='line_1_12' title="bbox 69 1373 1090 1454; baseline 0.001 -16"><span class='ocrx_word' id='word_1_79' title='bbox 69 1383 171 1440; x_wconf 87' lang='lat' dir='ltr'><strong>missam</strong></span> <span class='ocrx_word' id='word_1_80' title='bbox 198 1380 368 1454; x_wconf 88' lang='lat' dir='ltr'><strong>celebraret,</strong></span> <span class='ocrx_word' id='word_1_81' title='bbox 397 1384 425 1438; x_wconf 89' lang='lat' dir='ltr'><strong>et</strong></span> <span class='ocrx_word' id='word_1_82' title='bbox 453 1383 520 1437; x_wconf 87' lang='lat' dir='ltr'><strong>ante</strong></span> <span class='ocrx_word' id='word_1_83' title='bbox 541 1377 644 1454; x_wconf 85' lang='lat' dir='ltr'><strong>Agnus</strong></span> <span class='ocrx_word' id='word_1_84' title='bbox 666 1377 723 1436; x_wconf 94' lang='lat' dir='ltr'><strong>Dei</strong></span> <span class='ocrx_word' id='word_1_85' title='bbox 749 1373 872 1438; x_wconf 84' lang='lat' dir='ltr'><strong>hostiam</strong></span> <span class='ocrx_word' id='word_1_86' title='bbox 901 1378 1026 1440; x_wconf 88' lang='lat' dir='ltr'><strong>levasset</strong></span> <span class='ocrx_word' id='word_1_87' title='bbox 1052 1379 1090 1441; x_wconf 87' lang='lat' dir='ltr'><strong>ad</strong></span> 
     </span>
     <span class='ocr_line' id='line_1_13' title="bbox 69 1465 1092 1544; baseline 0.001 -17"><span class='ocrx_word' id='word_1_88' title='bbox 69 1467 248 1544; x_wconf 82' lang='lat' dir='ltr'><strong>frangendum,</strong></span> <span class='ocrx_word' id='word_1_89' title='bbox 260 1469 290 1524; x_wconf 91' lang='lat' dir='ltr'><strong>in</strong></span> <span class='ocrx_word' id='word_1_90' title='bbox 302 1469 364 1542; x_wconf 89' lang='lat' dir='ltr'><strong>ipsa</strong></span> <span class='ocrx_word' id='word_1_91' title='bbox 376 1465 471 1524; x_wconf 90' lang='lat' dir='ltr'><strong>hostia</strong></span> <span class='ocrx_word' id='word_1_92' title='bbox 484 1467 622 1541; x_wconf 86' lang='lat' dir='ltr'><strong>virginem</strong></span> <span class='ocrx_word' id='word_1_93' title='bbox 636 1467 665 1522; x_wconf 88' lang='lat' dir='ltr'><strong>in</strong></span> <span class='ocrx_word' id='word_1_94' title='bbox 680 1465 748 1524; x_wconf 86' lang='lat' dir='ltr'><strong>sede</strong></span> <span class='ocrx_word' id='word_1_95' title='bbox 762 1466 885 1525; x_wconf 89' lang='lat' dir='ltr'><strong>residere</strong></span> <span class='ocrx_word' id='word_1_96' title='bbox 898 1467 1092 1544; x_wconf 87' lang='lat' dir='ltr'><strong>infantemque</strong></span> 
     </span>
     <span class='ocr_line' id='line_1_14' title="bbox 69 1551 1091 1628; baseline 0 -16"><span class='ocrx_word' id='word_1_97' title='bbox 69 1555 94 1612; x_wconf 91' lang='lat' dir='ltr'><strong>ln</strong></span> <span class='ocrx_word' id='word_1_98' title='bbox 112 1557 169 1615; x_wconf 90' lang='lat' dir='ltr'><strong>sinu</strong></span> <span class='ocrx_word' id='word_1_99' title='bbox 183 1571 297 1615; x_wconf 86' lang='lat' dir='ltr'><strong>servare</strong></span> <span class='ocrx_word' id='word_1_100' title='bbox 312 1551 518 1628; x_wconf 89' lang='lat' dir='ltr'><strong>contemplatus</strong></span> <span class='ocrx_word' id='word_1_101' title='bbox 541 1557 592 1610; x_wconf 83' lang='lat' dir='ltr'><strong>est</strong></span> <span class='ocrx_word' id='word_1_102' title='bbox 633 1551 726 1612; x_wconf 87' lang='lat' dir='ltr'><strong>Nosse</strong></span> <span class='ocrx_word' id='word_1_103' title='bbox 747 1553 847 1612; x_wconf 89' lang='lat' dir='ltr'><strong>volens</strong></span> <span class='ocrx_word' id='word_1_104' title='bbox 867 1553 937 1627; x_wconf 86' lang='lat' dir='ltr'><strong>quid</strong></span> <span class='ocrx_word' id='word_1_105' title='bbox 959 1561 1034 1614; x_wconf 89' lang='lat' dir='ltr'><strong>esset</strong></span> <span class='ocrx_word' id='word_1_106' title='bbox 1056 1572 1091 1614; x_wconf 86' lang='lat' dir='ltr'><strong>cx</strong></span> 
     </span>
     <span class='ocr_line' id='line_1_15' title="bbox 70 1637 1092 1718; baseline 0 -16"><span class='ocrx_word' id='word_1_107' title='bbox 70 1637 147 1702; x_wconf 88' lang='lat' dir='ltr'><strong>altera</strong></span> <span class='ocrx_word' id='word_1_108' title='bbox 165 1649 260 1718; x_wconf 86' lang='lat' dir='ltr'><strong>parte,</strong></span> <span class='ocrx_word' id='word_1_109' title='bbox 288 1657 356 1699; x_wconf 86' lang='lat' dir='ltr'><strong>mox</strong></span> <span class='ocrx_word' id='word_1_110' title='bbox 376 1645 410 1698; x_wconf 91' lang='lat' dir='ltr'><strong>ut</strong></span> <span class='ocrx_word' id='word_1_111' title='bbox 429 1637 553 1698; x_wconf 89' lang='lat' dir='ltr'><strong>hostiam</strong></span> <span class='ocrx_word' id='word_1_112' title='bbox 574 1639 672 1714; x_wconf 84' lang='lat' dir='ltr'><strong>vertit,</strong></span> <span class='ocrx_word' id='word_1_113' title='bbox 702 1656 808 1715; x_wconf 86' lang='lat' dir='ltr'><strong>agnum</strong></span> <span class='ocrx_word' id='word_1_114' title='bbox 829 1643 858 1697; x_wconf 93' lang='lat' dir='ltr'><strong>in</strong></span> <span class='ocrx_word' id='word_1_115' title='bbox 880 1656 915 1698; x_wconf 88' lang='lat' dir='ltr'><strong>ea</strong></span> <span class='ocrx_word' id='word_1_116' title='bbox 937 1643 1092 1716; x_wconf 84' lang='lat' dir='ltr'><strong>conspexit</strong></span> 
     </span>
     <span class='ocr_line' id='line_1_16' title="bbox 72 1725 1092 1804; baseline 0.001 -18"><span class='ocrx_word' id='word_1_117' title='bbox 72 1727 154 1804; x_wconf 89' lang='lat' dir='ltr'><strong>Quam</strong></span> <span class='ocrx_word' id='word_1_118' title='bbox 172 1745 284 1788; x_wconf 88' lang='lat' dir='ltr'><strong>rursum</strong></span> <span class='ocrx_word' id='word_1_119' title='bbox 295 1743 441 1804; x_wconf 82' lang='lat' dir='ltr'><strong>regyrans,</strong></span> <span class='ocrx_word' id='word_1_120' title='bbox 462 1725 532 1784; x_wconf 89' lang='lat' dir='ltr'><strong>vidit</strong></span> <span class='ocrx_word' id='word_1_121' title='bbox 551 1727 581 1783; x_wconf 91' lang='lat' dir='ltr'><strong>in</strong></span> <span class='ocrx_word' id='word_1_122' title='bbox 603 1741 637 1784; x_wconf 85' lang='lat' dir='ltr'><strong>ea</strong></span> <span class='ocrx_word' id='word_1_123' title='bbox 659 1728 741 1801; x_wconf 84' lang='lat' dir='ltr'><strong>quasi</strong></span> <span class='ocrx_word' id='word_1_124' title='bbox 762 1743 814 1802; x_wconf 90' lang='lat' dir='ltr'><strong>per</strong></span> <span class='ocrx_word' id='word_1_125' title='bbox 829 1725 933 1786; x_wconf 90' lang='lat' dir='ltr'><strong>vitrum</strong></span> <span class='ocrx_word' id='word_1_126' title='bbox 949 1726 1092 1786; x_wconf 80' lang='lat' dir='ltr'><strong>Christum</strong></span> 
     </span>
     <span class='ocr_line' id='line_1_17' title="bbox 71 1808 1093 1894; baseline 0.002 -22"><span class='ocrx_word' id='word_1_127' title='bbox 71 1815 191 1874; x_wconf 86' lang='lat' dir='ltr'><strong>lucruca</strong></span> <span class='ocrx_word' id='word_1_128' title='bbox 217 1813 389 1890; x_wconf 89' lang='lat' dir='ltr'><strong>pendentem</strong></span> <span class='ocrx_word' id='word_1_129' title='bbox 419 1815 511 1888; x_wconf 88' lang='lat' dir='ltr'><strong>capite</strong></span> <span class='ocrx_word' id='word_1_130' title='bbox 537 1812 679 1872; x_wconf 87' lang='lat' dir='ltr'><strong>inclinato.</strong></span> <span class='ocrx_word' id='word_1_131' title='bbox 722 1811 832 1872; x_wconf 91' lang='lat' dir='ltr'><strong>Vidcns</strong></span> <span class='ocrx_word' id='word_1_132' title='bbox 853 1811 936 1894; x_wconf 80' lang='lat' dir='ltr'><strong>hoc⁵)</strong></span> <span class='ocrx_word' id='word_1_133' title='bbox 958 1808 1093 1874; x_wconf 83' lang='lat' dir='ltr'><strong>sacerdos</strong></span> 
     </span>
     <span class='ocr_line' id='line_1_18' title="bbox 74 1899 1091 1976; baseline 0.002 -16"><span class='ocrx_word' id='word_1_134' title='bbox 74 1904 195 1976; x_wconf 83' lang='lat' dir='ltr'><strong>extimuit,</strong></span> <span class='ocrx_word' id='word_1_135' title='bbox 218 1901 266 1960; x_wconf 88' lang='lat' dir='ltr'><strong>diu</strong></span> <span class='ocrx_word' id='word_1_136' title='bbox 288 1907 366 1960; x_wconf 85' lang='lat' dir='ltr'><strong>stans</strong></span> <span class='ocrx_word' id='word_1_137' title='bbox 389 1905 417 1958; x_wconf 91' lang='lat' dir='ltr'><strong>ct</strong></span> <span class='ocrx_word' id='word_1_138' title='bbox 432 1899 600 1974; x_wconf 84' lang='lat' dir='ltr'><strong>deliberans,</strong></span> <span class='ocrx_word' id='word_1_139' title='bbox 620 1906 716 1958; x_wconf 91' lang='lat' dir='ltr'><strong>utrum</strong></span> <span class='ocrx_word' id='word_1_140' title='bbox 737 1901 776 1958; x_wconf 92' lang='lat' dir='ltr'><strong>ibi</strong></span> <span class='ocrx_word' id='word_1_141' title='bbox 798 1901 952 1960; x_wconf 76' lang='lat' dir='ltr'><strong>subsistere</strong></span> <span class='ocrx_word' id='word_1_142' title='bbox 973 1902 1020 1961; x_wconf 90' lang='lat' dir='ltr'><strong>vel</strong></span> <span class='ocrx_word' id='word_1_143' title='bbox 1042 1921 1091 1962; x_wconf 89' lang='lat' dir='ltr'><strong>sa-</strong></span> 
     </span>
     <span class='ocr_line' id='line_1_19' title="bbox 74 1983 1093 2067; baseline 0.003 -20"><span class='ocrx_word' id='word_1_144' title='bbox 74 1983 262 2067; x_wconf 81' lang='lat' dir='ltr'><strong>cramentum⁶)</strong></span> <span class='ocrx_word' id='word_1_145' title='bbox 290 1985 426 2063; x_wconf 86' lang='lat' dir='ltr'><strong>perficere</strong></span> <span class='ocrx_word' id='word_1_146' title='bbox 455 1985 579 2046; x_wconf 83' lang='lat' dir='ltr'><strong>deberet.</strong></span> <span class='ocrx_word' id='word_1_147' title='bbox 622 1985 709 2046; x_wconf 81' lang='lat' dir='ltr'><strong>Crrius</strong></span> <span class='ocrx_word' id='word_1_148' title='bbox 730 1987 844 2046; x_wconf 88' lang='lat' dir='ltr'><strong>fletibus</strong></span> <span class='ocrx_word' id='word_1_149' title='bbox 865 1987 1007 2049; x_wconf 90' lang='lat' dir='ltr'><strong>Dominus</strong></span> <span class='ocrx_word' id='word_1_150' title='bbox 1027 1989 1093 2065; x_wconf 91' lang='lat' dir='ltr'><strong>pla-</strong></span> 
     </span>
     <span class='ocr_line' id='line_1_20' title="bbox 74 2067 1093 2151; baseline 0.002 -17"><span class='ocrx_word' id='word_1_151' title='bbox 74 2082 158 2150; x_wconf 84' lang='lat' dir='ltr'><strong>catus,</strong></span> <span class='ocrx_word' id='word_1_152' title='bbox 184 2080 360 2134; x_wconf 87' lang='lat' dir='ltr'><strong>sacramento</strong></span> <span class='ocrx_word' id='word_1_153' title='bbox 388 2073 509 2132; x_wconf 80' lang='lat' dir='ltr'><strong>formam</strong></span> <span class='ocrx_word' id='word_1_154' title='bbox 535 2067 658 2149; x_wconf 87' lang='lat' dir='ltr'><strong>priorem</strong></span> <span class='ocrx_word' id='word_1_155' title='bbox 685 2073 821 2151; x_wconf 89' lang='lat' dir='ltr'><strong>reddidit,</strong></span> <span class='ocrx_word' id='word_1_156' title='bbox 852 2081 880 2134; x_wconf 91' lang='lat' dir='ltr'><strong>et</strong></span> <span class='ocrx_word' id='word_1_157' title='bbox 906 2075 954 2135; x_wconf 87' lang='lat' dir='ltr'><strong>illc</strong></span> <span class='ocrx_word' id='word_1_158' title='bbox 975 2078 1093 2143; x_wconf 87' lang='lat' dir='ltr'><strong>missam</strong></span> 
     </span>
     <span class='ocr_line' id='line_1_21' title="bbox 73 2147 1092 2249; baseline 0.003 -29"><span class='ocrx_word' id='word_1_159' title='bbox 73 2161 183 2235; x_wconf 83' lang='lat' dir='ltr'><strong>perfecit.</strong></span> <span class='ocrx_word' id='word_1_160' title='bbox 226 2147 356 2235; x_wconf 67' lang='lat' dir='ltr'><strong>Cumque</strong></span> <span class='ocrx_word' id='word_1_161' title='bbox 371 2159 493 2249; x_wconf 72' lang='lat' dir='ltr'><strong>populus</strong></span> <span class='ocrx_word' id='word_1_162' title='bbox 516 2160 551 2219; x_wconf 89' lang='lat' dir='ltr'><strong>de</strong></span> <span class='ocrx_word' id='word_1_163' title='bbox 573 2165 653 2219; x_wconf 87' lang='lat' dir='ltr'><strong>tanta</strong></span> <span class='ocrx_word' id='word_1_164' title='bbox 673 2178 754 2221; x_wconf 88' lang='lat' dir='ltr'><strong>mora</strong></span> <span class='ocrx_word' id='word_1_165' title='bbox 767 2165 924 2238; x_wconf 86' lang='lat' dir='ltr'><strong>miraretur,</strong></span> <span class='ocrx_word' id='word_1_166' title='bbox 944 2165 1005 2240; x_wconf 90' lang='lat' dir='ltr'><strong>ipsc</strong></span> <span class='ocrx_word' id='word_1_167' title='bbox 1027 2181 1092 2222; x_wconf 91' lang='lat' dir='ltr'><strong>am-</strong></span> 
     </span>
     <span class='ocr_line' id='line_1_22' title="bbox 73 2247 1093 2332; baseline 0.003 -24"><span class='ocrx_word' id='word_1_168' title='bbox 73 2247 167 2308; x_wconf 89' lang='lat' dir='ltr'><strong>bonem</strong></span> <span class='ocrx_word' id='word_1_169' title='bbox 185 2247 356 2323; x_wconf 88' lang='lat' dir='ltr'><strong>ascendens,</strong></span> <span class='ocrx_word' id='word_1_170' title='bbox 381 2265 446 2306; x_wconf 91' lang='lat' dir='ltr'><strong>curn</strong></span> <span class='ocrx_word' id='word_1_171' title='bbox 467 2247 589 2307; x_wconf 88' lang='lat' dir='ltr'><strong>lacrimis</strong></span> <span class='ocrx_word' id='word_1_172' title='bbox 610 2247 716 2323; x_wconf 90' lang='lat' dir='ltr'><strong>populo</strong></span> <span class='ocrx_word' id='word_1_173' title='bbox 740 2251 878 2308; x_wconf 85' lang='lat' dir='ltr'><strong>visionem</strong></span> <span class='ocrx_word' id='word_1_174' title='bbox 899 2248 1040 2332; x_wconf 78' lang='lat' dir='ltr'><strong>retulit⁷);</strong></span> <span class='ocrx_word' id='word_1_175' title='bbox 1064 2257 1093 2311; x_wconf 90' lang='lat' dir='ltr'><strong>ct</strong></span> 
     </span>
     <span class='ocr_line' id='line_1_23' title="bbox 15 2325 1094 2414; baseline 0.004 -19"><span class='ocrx_word' id='word_1_176' title='bbox 15 2325 17 2340; x_wconf 87' lang='lat'>&#39;</span> <span class='ocrx_word' id='word_1_177' title='bbox 74 2336 164 2411; x_wconf 81' lang='lat' dir='ltr'><strong>signati</strong></span> <span class='ocrx_word' id='word_1_178' title='bbox 183 2343 248 2395; x_wconf 91' lang='lat' dir='ltr'><strong>sunt</strong></span> <span class='ocrx_word' id='word_1_179' title='bbox 270 2331 371 2394; x_wconf 83' lang='lat' dir='ltr'><strong>cadem</strong></span> <span class='ocrx_word' id='word_1_180' title='bbox 391 2333 463 2392; x_wconf 89' lang='lat' dir='ltr'><strong>hora</strong></span> <span class='ocrx_word' id='word_1_181' title='bbox 483 2335 520 2394; x_wconf 89' lang='lat' dir='ltr'><strong>ab</strong></span> <span class='ocrx_word' id='word_1_182' title='bbox 549 2349 583 2392; x_wconf 91' lang='lat' dir='ltr'><strong>eo</strong></span> <span class='ocrx_word' id='word_1_183' title='bbox 613 2333 742 2392; x_wconf 89' lang='lat' dir='ltr'><strong>homines</strong></span> <span class='ocrx_word' id='word_1_184' title='bbox 771 2338 986 2414; x_wconf 80' lang='lat' dir='ltr'><strong>qninquaginta.</strong></span> <span class='ocrx_word' id='word_1_185' title='bbox 1022 2338 1094 2400; x_wconf 81' lang='lat' dir='ltr'><strong>Erat</strong></span> 
     </span>
     <span class='ocr_line' id='line_1_24' title="bbox 74 2419 1093 2497; baseline 0.004 -15"><span class='ocrx_word' id='word_1_186' title='bbox 74 2423 140 2482; x_wconf 86' lang='lat' dir='ltr'><strong>enirn</strong></span> <span class='ocrx_word' id='word_1_187' title='bbox 164 2429 265 2486; x_wconf 72' lang='lat' dir='ltr'><strong>cctam</strong></span> <span class='ocrx_word' id='word_1_188' title='bbox 286 2420 491 2497; x_wconf 88' lang='lat' dir='ltr'><strong>Apostolomm</strong></span> <span class='ocrx_word' id='word_1_189' title='bbox 511 2419 590 2479; x_wconf 92' lang='lat' dir='ltr'><strong>Petri</strong></span> <span class='ocrx_word' id='word_1_190' title='bbox 618 2425 646 2478; x_wconf 90' lang='lat' dir='ltr'><strong>et</strong></span> <span class='ocrx_word' id='word_1_191' title='bbox 667 2419 759 2479; x_wconf 92' lang='lat' dir='ltr'><strong>Pauli.</strong></span> <span class='ocrx_word' id='word_1_192' title='bbox 801 2423 862 2482; x_wconf 92' lang='lat' dir='ltr'><strong>Nec</strong></span> <span class='ocrx_word' id='word_1_193' title='bbox 890 2427 989 2484; x_wconf 87' lang='lat' dir='ltr'><strong>miror</strong></span> <span class='ocrx_word' id='word_1_194' title='bbox 1005 2428 1030 2484; x_wconf 92' lang='lat' dir='ltr'><strong>si</strong></span> <span class='ocrx_word' id='word_1_195' title='bbox 1051 2429 1093 2488; x_wconf 88' lang='lat' dir='ltr'><strong>sic</strong></span> 
     </span>
     <span class='ocr_line' id='line_1_25' title="bbox 74 2504 1093 2584; baseline 0.009 -18"><span class='ocrx_word' id='word_1_196' title='bbox 74 2511 207 2584; x_wconf 87' lang='lat' dir='ltr'><strong>perspicue</strong></span> <span class='ocrx_word' id='word_1_197' title='bbox 235 2515 265 2569; x_wconf 87' lang='lat' dir='ltr'><strong>et</strong></span> <span class='ocrx_word' id='word_1_198' title='bbox 290 2514 350 2568; x_wconf 87' lang='lat' dir='ltr'><strong>tam</strong></span> <span class='ocrx_word' id='word_1_199' title='bbox 374 2507 497 2568; x_wconf 89' lang='lat' dir='ltr'><strong>iocunde</strong></span> <span class='ocrx_word' id='word_1_200' title='bbox 518 2509 592 2566; x_wconf 83' lang='lat' dir='ltr'><strong>sicut</strong></span> <span class='ocrx_word' id='word_1_201' title='bbox 613 2504 808 2568; x_wconf 77' lang='lat' dir='ltr'><strong>deescalcus</strong></span> <span class='ocrx_word' id='word_1_202' title='bbox 830 2527 895 2572; x_wconf 91' lang='lat' dir='ltr'><strong>curu</strong></span> <span class='ocrx_word' id='word_1_203' title='bbox 916 2512 1014 2572; x_wconf 85' lang='lat' dir='ltr'><strong>videre</strong></span> <span class='ocrx_word' id='word_1_204' title='bbox 1034 2530 1093 2575; x_wconf 91' lang='lat' dir='ltr'><strong>non</strong></span> 
     </span>
     <span class='ocr_line' id='line_1_26' title="bbox 75 2591 1093 2676; baseline 0.008 -24"><span class='ocrx_word' id='word_1_205' title='bbox 75 2596 169 2671; x_wconf 90' lang='lat' dir='ltr'><strong>potuit,</strong></span> <span class='ocrx_word' id='word_1_206' title='bbox 191 2613 277 2672; x_wconf 86' lang='lat' dir='ltr'><strong>quom</strong></span> <span class='ocrx_word' id='word_1_207' title='bbox 299 2595 424 2670; x_wconf 87' lang='lat' dir='ltr'><strong>quotidie</strong></span> <span class='ocrx_word' id='word_1_208' title='bbox 446 2595 500 2653; x_wconf 92' lang='lat' dir='ltr'><strong>sibi</strong></span> <span class='ocrx_word' id='word_1_209' title='bbox 520 2593 559 2652; x_wconf 85' lang='lat' dir='ltr'><strong>ad</strong></span> <span class='ocrx_word' id='word_1_210' title='bbox 579 2591 714 2652; x_wconf 90' lang='lat' dir='ltr'><strong>iudicium</strong></span> <span class='ocrx_word' id='word_1_211' title='bbox 735 2596 894 2656; x_wconf 88' lang='lat' dir='ltr'><strong>immolavit</strong></span> <span class='ocrx_word' id='word_1_212' title='bbox 915 2604 944 2658; x_wconf 90' lang='lat' dir='ltr'><strong>et</strong></span> <span class='ocrx_word' id='word_1_213' title='bbox 964 2603 1093 2676; x_wconf 83' lang='lat' dir='ltr'><strong>sumpsit</strong></span> 
     </span>
     <span class='ocr_line' id='line_1_27' title="bbox 75 2679 1092 2760; baseline 0.008 -20"><span class='ocrx_word' id='word_1_214' title='bbox 75 2679 197 2742; x_wconf 85' lang='lat' dir='ltr'><strong>Habebat</strong></span> <span class='ocrx_word' id='word_1_215' title='bbox 217 2685 292 2743; x_wconf 90' lang='lat' dir='ltr'><strong>enim</strong></span> <span class='ocrx_word' id='word_1_216' title='bbox 315 2682 510 2742; x_wconf 89' lang='lat' dir='ltr'><strong>concubinam.</strong></span> <span class='ocrx_word' id='word_1_217' title='bbox 542 2679 641 2755; x_wconf 88' lang='lat' dir='ltr'><strong>Nuper</strong></span> <span class='ocrx_word' id='word_1_218' title='bbox 664 2687 761 2740; x_wconf 85' lang='lat' dir='ltr'><strong>tamon</strong></span> <span class='ocrx_word' id='word_1_219' title='bbox 783 2683 879 2743; x_wconf 89' lang='lat' dir='ltr'><strong>andivi</strong></span> <span class='ocrx_word' id='word_1_220' title='bbox 904 2685 983 2760; x_wconf 88' lang='lat' dir='ltr'><strong>quod</strong></span> <span class='ocrx_word' id='word_1_221' title='bbox 1003 2689 1092 2750; x_wconf 79' lang='lat' dir='ltr'><strong>vitam</strong></span> 
     </span>
     <span class='ocr_line' id='line_1_28' title="bbox 76 2767 1092 2851; baseline 0.007 -25"><span class='ocrx_word' id='word_1_222' title='bbox 76 2783 147 2828; x_wconf 83' lang='lat' dir='ltr'><strong>suan</strong></span> <span class='ocrx_word' id='word_1_223' title='bbox 173 2773 321 2832; x_wconf 87' lang='lat' dir='ltr'><strong>occasione</strong></span> <span class='ocrx_word' id='word_1_224' title='bbox 343 2775 376 2828; x_wconf 89' lang='lat' dir='ltr'><strong>ut</strong></span> <span class='ocrx_word' id='word_1_225' title='bbox 397 2786 481 2844; x_wconf 90' lang='lat' dir='ltr'><strong>spero</strong></span> <span class='ocrx_word' id='word_1_226' title='bbox 504 2767 631 2826; x_wconf 88' lang='lat' dir='ltr'><strong>eiusdem</strong></span> <span class='ocrx_word' id='word_1_227' title='bbox 651 2769 769 2832; x_wconf 88' lang='lat' dir='ltr'><strong>visionis</strong></span> <span class='ocrx_word' id='word_1_228' title='bbox 791 2770 942 2830; x_wconf 85' lang='lat' dir='ltr'><strong>emendare</strong></span> <span class='ocrx_word' id='word_1_229' title='bbox 962 2774 1092 2851; x_wconf 88' lang='lat' dir='ltr'><strong>incipiat,</strong></span> 
     </span>
     <span class='ocr_line' id='line_1_29' title="bbox 77 2854 1093 2940; baseline 0.009 -28"><span class='ocrx_word' id='word_1_230' title='bbox 77 2861 102 2912; x_wconf 86' lang='lat' dir='ltr'><strong>et</strong></span> <span class='ocrx_word' id='word_1_231' title='bbox 118 2855 244 2916; x_wconf 86' lang='lat' dir='ltr'><strong>laminam</strong></span> <span class='ocrx_word' id='word_1_232' title='bbox 264 2859 295 2914; x_wconf 91' lang='lat' dir='ltr'><strong>in</strong></span> <span class='ocrx_word' id='word_1_233' title='bbox 315 2857 485 2914; x_wconf 86' lang='lat' dir='ltr'><strong>monasterio</strong></span> <span class='ocrx_word' id='word_1_234' title='bbox 507 2854 763 2914; x_wconf 89' lang='lat' dir='ltr'><strong>sanctimonialium</strong></span> <span class='ocrx_word' id='word_1_235' title='bbox 783 2857 813 2915; x_wconf 91' lang='lat' dir='ltr'><strong>in</strong></span> <span class='ocrx_word' id='word_1_236' title='bbox 834 2855 1025 2940; x_wconf 73' lang='lat' dir='ltr'><strong>Runengenl)</strong></span> <span class='ocrx_word' id='word_1_237' title='bbox 1047 2861 1093 2921; x_wconf 89' lang='lat' dir='ltr'><strong>lo-</strong></span> 
     </span>
    </p>
   </div>
   <div class='ocr_carea' id='block_1_5' title="bbox 77 2941 1215 3020">
    <p class='ocr_par' dir='ltr' id='par_1_5' title="bbox 77 2941 1215 3020">
     <span class='ocr_line' id='line_1_30' title="bbox 77 2941 1215 3020; baseline 0.007 -20"><span class='ocrx_word' id='word_1_238' title='bbox 77 2956 133 3001; x_wconf 90' lang='lat' dir='ltr'><strong>care</strong></span> <span class='ocrx_word' id='word_1_239' title='bbox 150 2949 296 3020; x_wconf 89' lang='lat' dir='ltr'><strong>pmponat.</strong></span> <span class='ocrx_word' id='word_1_240' title='bbox 338 2942 420 3002; x_wconf 85' lang='lat' dir='ltr'><strong>Haec</strong></span> <span class='ocrx_word' id='word_1_241' title='bbox 441 2941 510 3000; x_wconf 91' lang='lat' dir='ltr'><strong>mihi</strong></span> <span class='ocrx_word' id='word_1_242' title='bbox 530 2959 549 3000; x_wconf 92' lang='lat' dir='ltr'><strong>a</strong></span> <span class='ocrx_word' id='word_1_243' title='bbox 569 2941 715 3002; x_wconf 84' lang='lat' dir='ltr'><strong>Bemardo</strong></span> <span class='ocrx_word' id='word_1_244' title='bbox 737 2943 879 3004; x_wconf 89' lang='lat' dir='ltr'><strong>monacho</strong></span> <span class='ocrx_word' id='word_1_245' title='bbox 899 2953 997 3006; x_wconf 91' lang='lat' dir='ltr'><strong>nostro</strong></span> <span class='ocrx_word' id='word_1_246' title='bbox 1019 2951 1094 3009; x_wconf 85' lang='lat' dir='ltr'><strong>reoi—</strong></span> <span class='ocrx_word' id='word_1_247' title='bbox 1213 2972 1215 2977; x_wconf 96' lang='lat'>·</span> 
     </span>
    </p>
   </div>
   <div class='ocr_carea' id='block_1_6' title="bbox 76 3026 1094 3372">
    <p class='ocr_par' dir='ltr' id='par_1_6' title="bbox 76 3026 1094 3372">
     <span class='ocr_line' id='line_1_31' title="bbox 76 3026 1093 3109; baseline 0.008 -21"><span class='ocrx_word' id='word_1_248' title='bbox 76 3033 128 3088; x_wconf 78' lang='lat' dir='ltr'><strong>aa</strong></span> <span class='ocrx_word' id='word_1_249' title='bbox 146 3038 221 3107; x_wconf 90' lang='lat' dir='ltr'><strong>sunt,</strong></span> <span class='ocrx_word' id='word_1_250' title='bbox 241 3032 354 3107; x_wconf 88' lang='lat' dir='ltr'><strong>ipsique</strong></span> <span class='ocrx_word' id='word_1_251' title='bbox 375 3030 412 3088; x_wconf 91' lang='lat' dir='ltr'><strong>ab</strong></span> <span class='ocrx_word' id='word_1_252' title='bbox 435 3029 536 3088; x_wconf 91' lang='lat' dir='ltr'><strong>eodem</strong></span> <span class='ocrx_word' id='word_1_253' title='bbox 557 3026 702 3104; x_wconf 87' lang='lat' dir='ltr'><strong>Adolpho.</strong></span> <span class='ocrx_word' id='word_1_254' title='bbox 744 3029 877 3090; x_wconf 85' lang='lat' dir='ltr'><strong>Salvator</strong></span> <span class='ocrx_word' id='word_1_255' title='bbox 902 3037 1027 3109; x_wconf 88' lang='lat' dir='ltr'><strong>corporis</strong></span> <span class='ocrx_word' id='word_1_256' title='bbox 1049 3040 1093 3096; x_wconf 87' lang='lat' dir='ltr'><strong>sui</strong></span> 
     </span>
     <span class='ocr_line' id='line_1_32' title="bbox 77 3116 1093 3191; baseline 0.013 -20"><span class='ocrx_word' id='word_1_257' title='bbox 77 3119 210 3178; x_wconf 67' lang='lat' dir='ltr'><strong>renatam</strong></span> <span class='ocrx_word' id='word_1_258' title='bbox 230 3120 260 3176; x_wconf 92' lang='lat' dir='ltr'><strong>in</strong></span> <span class='ocrx_word' id='word_1_259' title='bbox 280 3117 336 3176; x_wconf 93' lang='lat' dir='ltr'><strong>hoc</strong></span> <span class='ocrx_word' id='word_1_260' title='bbox 358 3121 536 3175; x_wconf 86' lang='lat' dir='ltr'><strong>sacramento</strong></span> <span class='ocrx_word' id='word_1_261' title='bbox 557 3122 592 3174; x_wconf 88' lang='lat' dir='ltr'><strong>ut</strong></span> <span class='ocrx_word' id='word_1_262' title='bbox 610 3116 755 3191; x_wconf 85' lang='lat' dir='ltr'><strong>praelatus</strong></span> <span class='ocrx_word' id='word_1_263' title='bbox 776 3134 840 3175; x_wconf 89' lang='lat' dir='ltr'><strong>sum</strong></span> <span class='ocrx_word' id='word_1_264' title='bbox 860 3119 943 3179; x_wconf 89' lang='lat' dir='ltr'><strong>bonis</strong></span> <span class='ocrx_word' id='word_1_265' title='bbox 957 3123 1093 3185; x_wconf 86' lang='lat' dir='ltr'><strong>sacerdo-</strong></span> 
     </span>
     <span class='ocr_line' id='line_1_33' title="bbox 77 3201 1094 3280; baseline 0.014 -22"><span class='ocrx_word' id='word_1_266' title='bbox 77 3201 141 3263; x_wconf 83' lang='lat' dir='ltr'><strong>tibus</strong></span> <span class='ocrx_word' id='word_1_267' title='bbox 161 3202 309 3264; x_wconf 87' lang='lat' dir='ltr'><strong>ostendere</strong></span> <span class='ocrx_word' id='word_1_268' title='bbox 330 3203 461 3280; x_wconf 81' lang='lat' dir='ltr'><strong>dignatur</strong></span> <span class='ocrx_word' id='word_1_269' title='bbox 482 3209 515 3260; x_wconf 93' lang='lat' dir='ltr'><strong>ut</strong></span> <span class='ocrx_word' id='word_1_270' title='bbox 536 3201 730 3278; x_wconf 90' lang='lat' dir='ltr'><strong>consolentur;</strong></span> <span class='ocrx_word' id='word_1_271' title='bbox 752 3204 781 3261; x_wconf 95' lang='lat' dir='ltr'><strong>in</strong></span> <span class='ocrx_word' id='word_1_272' title='bbox 798 3203 855 3263; x_wconf 86' lang='lat' dir='ltr'><strong>tide</strong></span> <span class='ocrx_word' id='word_1_273' title='bbox 876 3211 1042 3271; x_wconf 84' lang='lat' dir='ltr'><strong>nutantibus</strong></span> <span class='ocrx_word' id='word_1_274' title='bbox 1062 3218 1094 3271; x_wconf 91' lang='lat' dir='ltr'><strong>ut</strong></span> 
     </span>
     <span class='ocr_line' id='line_1_34' title="bbox 79 3289 1017 3372; baseline 0.005 -22"><span class='ocrx_word' id='word_1_275' title='bbox 79 3291 218 3370; x_wconf 59' lang='lat' dir='ltr'><strong>stipantum</strong></span> <span class='ocrx_word' id='word_1_276' title='bbox 239 3291 315 3350; x_wconf 89' lang='lat' dir='ltr'><strong>male</strong></span> <span class='ocrx_word' id='word_1_277' title='bbox 336 3289 498 3350; x_wconf 85' lang='lat' dir='ltr'><strong>viventibus</strong></span> <span class='ocrx_word' id='word_1_278' title='bbox 520 3295 552 3348; x_wconf 93' lang='lat' dir='ltr'><strong>ut</strong></span> <span class='ocrx_word' id='word_1_279' title='bbox 571 3295 738 3350; x_wconf 83' lang='lat' dir='ltr'><strong>terreantru.</strong></span> <span class='ocrx_word' id='word_1_280' title='bbox 779 3289 856 3352; x_wconf 80' lang='lat' dir='ltr'><strong>Ecce</strong></span> <span class='ocrx_word' id='word_1_281' title='bbox 878 3295 1017 3372; x_wconf 85' lang='lat' dir='ltr'><strong>exempla.</strong></span> 
     </span>
    </p>
   </div>
   <div class='ocr_carea' id='block_1_7' title="bbox 94 3629 1098 3916">
    <p class='ocr_par' dir='ltr' id='par_1_7' title="bbox 94 3629 1098 3916">
     <span class='ocr_line' id='line_1_35' title="bbox 94 3629 1098 3710; baseline 0.01 -28"><span class='ocrx_word' id='word_1_282' title='bbox 94 3629 121 3700; x_wconf 89' lang='lat' dir='ltr'><strong>l)</strong></span> <span class='ocrx_word' id='word_1_283' title='bbox 135 3631 218 3701; x_wconf 79' lang='lat' dir='ltr'><strong>verbs,</strong></span> <span class='ocrx_word' id='word_1_284' title='bbox 234 3633 437 3704; x_wconf 84' lang='lat' dir='ltr'><strong>praedictam</strong></span> <span class='ocrx_word' id='word_1_285' title='bbox 456 3635 720 3699; x_wconf 63' lang='lat' dir='ltr'><strong>marocenorum</strong></span> <span class='ocrx_word' id='word_1_286' title='bbox 737 3635 758 3688; x_wconf 88' lang='lat' dir='ltr'>B</span> <span class='ocrx_word' id='word_1_287' title='bbox 776 3646 834 3705; x_wconf 81' lang='lat' dir='ltr'><strong>port</strong></span> <span class='ocrx_word' id='word_1_288' title='bbox 850 3636 997 3692; x_wconf 78' lang='lat' dir='ltr'><strong>Frisium.</strong></span> <span class='ocrx_word' id='word_1_289' title='bbox 1014 3641 1098 3710; x_wconf 81' lang='lat'><strong>--2)</strong></span> 
     </span>
     <span class='ocr_line' id='line_1_36' title="bbox 137 3705 1097 3773; baseline 0.002 -17"><span class='ocrx_word' id='word_1_290' title='bbox 137 3705 300 3758; x_wconf 84' lang='lat' dir='ltr'><strong>sacerdoti</strong></span> <span class='ocrx_word' id='word_1_291' title='bbox 317 3721 359 3758; x_wconf 85' lang='lat' dir='ltr'><strong>om</strong></span> <span class='ocrx_word' id='word_1_292' title='bbox 376 3705 513 3772; x_wconf 78' lang='lat' dir='ltr'><strong>su.-3)</strong></span> <span class='ocrx_word' id='word_1_293' title='bbox 531 3705 656 3758; x_wconf 85' lang='lat' dir='ltr'><strong>Dicreren</strong></span> <span class='ocrx_word' id='word_1_294' title='bbox 679 3708 705 3758; x_wconf 91' lang='lat' dir='ltr'><strong>in</strong></span> <span class='ocrx_word' id='word_1_295' title='bbox 722 3710 851 3773; x_wconf 87' lang='lat' dir='ltr'><strong>provincia</strong></span> <span class='ocrx_word' id='word_1_296' title='bbox 868 3706 1048 3760; x_wconf 81' lang='lat' dir='ltr'><strong>Transisalana.</strong></span> <span class='ocrx_word' id='word_1_297' title='bbox 1066 3739 1097 3751; x_wconf 92' lang='lat'><em>-</em></span> 
     </span>
     <span class='ocr_line' id='line_1_37' title="bbox 137 3771 1090 3843; baseline -0.002 -17"><span class='ocrx_word' id='word_1_298' title='bbox 137 3774 169 3842; x_wconf 82' lang='grc'><strong>4)</strong></span> <span class='ocrx_word' id='word_1_299' title='bbox 183 3775 224 3830; x_wconf 84' lang='lat' dir='ltr'><strong>BG</strong></span> <span class='ocrx_word' id='word_1_300' title='bbox 241 3774 393 3843; x_wconf 84' lang='lat' dir='ltr'><strong>mihique.</strong></span> <span class='ocrx_word' id='word_1_301' title='bbox 413 3804 442 3814; x_wconf 92' lang='lat'>—</span> <span class='ocrx_word' id='word_1_302' title='bbox 463 3771 532 3842; x_wconf 86' lang='lat' dir='ltr'><strong>5)c</strong></span> <span class='ocrx_word' id='word_1_303' title='bbox 554 3774 639 3826; x_wconf 84' lang='lat' dir='ltr'><strong>hace.</strong></span> <span class='ocrx_word' id='word_1_304' title='bbox 660 3805 690 3816; x_wconf 89' lang='lat'>-</span> <span class='ocrx_word' id='word_1_305' title='bbox 710 3777 781 3843; x_wconf 67' lang='lat' dir='ltr'><strong>opii</strong></span> <span class='ocrx_word' id='word_1_306' title='bbox 799 3787 826 3828; x_wconf 87' lang='lat' dir='ltr'><strong>et</strong></span> <span class='ocrx_word' id='word_1_307' title='bbox 843 3792 899 3830; x_wconf 87' lang='lat' dir='ltr'><strong>corr</strong></span> <span class='ocrx_word' id='word_1_308' title='bbox 916 3778 939 3829; x_wconf 81' lang='grc' dir='ltr'><strong>Α</strong></span> <span class='ocrx_word' id='word_1_309' title='bbox 961 3781 1090 3828; x_wconf 71' lang='lat' dir='ltr'><strong>misam</strong></span> 
     </span>
     <span class='ocr_line' id='line_1_38' title="bbox 139 3844 998 3916; baseline 0.002 -20"><span class='ocrx_word' id='word_1_310' title='bbox 139 3873 169 3883; x_wconf 94' lang='lat'><em>-</em></span> <span class='ocrx_word' id='word_1_311' title='bbox 186 3847 217 3914; x_wconf 79' lang='lat'><strong>7)</strong></span> <span class='ocrx_word' id='word_1_312' title='bbox 235 3845 255 3901; x_wconf 87' lang='lat' dir='ltr'>B</span> <span class='ocrx_word' id='word_1_313' title='bbox 273 3844 421 3898; x_wconf 84' lang='lat' dir='ltr'><strong>ascendit</strong></span> <span class='ocrx_word' id='word_1_314' title='bbox 441 3873 470 3884; x_wconf 89' lang='lat'>-</span> <span class='ocrx_word' id='word_1_315' title='bbox 490 3845 649 3897; x_wconf 85' lang='lat' dir='ltr'><strong>reterens.</strong></span> <span class='ocrx_word' id='word_1_316' title='bbox 670 3875 700 3886; x_wconf 90' lang='lat'><em>-</em></span> <span class='ocrx_word' id='word_1_317' title='bbox 720 3847 751 3912; x_wconf 83' lang='lat'><strong>8)</strong></span> <span class='ocrx_word' id='word_1_318' title='bbox 769 3844 789 3898; x_wconf 82' lang='lat' dir='ltr'><strong><em>G</em></strong></span> <span class='ocrx_word' id='word_1_319' title='bbox 806 3845 998 3916; x_wconf 68' lang='lat' dir='ltr'><strong>flcunengcs</strong></span> 
     </span>
    </p>
   </div>
   <div class='ocr_carea' id='block_1_8' title="bbox 815 3917 839 3990">
    <p class='ocr_par' dir='ltr' id='par_1_8' title="bbox 815 3917 839 3990">
     <span class='ocr_line' id='line_1_39' title="bbox 815 3917 839 3990; baseline 0 0"><span class='ocrx_word' id='word_1_320' title='bbox 815 3917 839 3990; x_wconf 86' lang='lat'>8</span> 
     </span>
    </p>
   </div>
   <div class='ocr_carea' id='block_1_9' title="bbox 0 0 1274 4254">
    <p class='ocr_par' dir='ltr' id='par_1_9' title="bbox 0 0 1274 4254">
     <span class='ocr_line' id='line_1_40' title="bbox 0 0 1274 4254; baseline 0 0"><span class='ocrx_word' id='word_1_321' title='bbox 0 0 1274 4254; x_wconf 95' lang='lat' dir='ltr'><strong> </strong></span> 
     </span>
    </p>
   </div>
  </div>
 </body>
</html>
