<?xml version="1.0" encoding="UTF-8"?>
<!DOCTYPE html PUBLIC "-//W3C//DTD XHTML 1.0 Transitional//EN"
    "http://www.w3.org/TR/xhtml1/DTD/xhtml1-transitional.dtd">
<html xmlns="http://www.w3.org/1999/xhtml" xml:lang="en" lang="en">
 <head>
  <title>
</title>
<meta http-equiv="Content-Type" content="text/html;charset=utf-8" />
  <meta name='ocr-system' content='tesseract 3.04.00' />
  <meta name='ocr-capabilities' content='ocr_page ocr_carea ocr_par ocr_line ocrx_word'/>
</head>
<body>
  <div class='ocr_page' id='page_1' title='image "./caesariiheister02stragoog_0217.png"; bbox 0 0 2506 4254; ppageno 0'>
   <div class='ocr_carea' id='block_1_1' title="bbox 148 281 857 392">
    <p class='ocr_par' dir='ltr' id='par_1_1' title="bbox 148 281 857 392">
     <span class='ocr_line' id='line_1_1' title="bbox 148 281 857 392; baseline 0.003 -38"><span class='ocrx_word' id='word_1_1' title='bbox 148 295 209 354; x_wconf 79' lang='lat' dir='ltr'>soe</span> <span class='ocrx_word' id='word_1_2' title='bbox 325 383 328 392; x_wconf 18' lang='lat'>³</span> <span class='ocrx_word' id='word_1_3' title='bbox 492 281 724 356; x_wconf 80' lang='lat' dir='ltr'>&#39;ursrmcuro</span> <span class='ocrx_word' id='word_1_4' title='bbox 742 292 857 356; x_wconf 76' lang='lat' dir='ltr'>nona</span> 
     </span>
    </p>
   </div>
   <div class='ocr_carea' id='block_1_2' title="bbox 518 484 827 548">
    <p class='ocr_par' dir='ltr' id='par_1_2' title="bbox 518 484 827 548">
     <span class='ocr_line' id='line_1_2' title="bbox 518 484 827 548; baseline -0.003 -3"><span class='ocrx_word' id='word_1_5' title='bbox 518 484 751 548; x_wconf 80' lang='lat' dir='ltr'>CAPITULUM</span> <span class='ocrx_word' id='word_1_6' title='bbox 777 485 827 546; x_wconf 89' lang='lat' dir='ltr'>LI.</span> 
     </span>
    </p>
   </div>
   <div class='ocr_carea' id='block_1_3' title="bbox 165 586 1122 752">
    <p class='ocr_par' dir='ltr' id='par_1_3' title="bbox 165 586 1122 752">
     <span class='ocr_line' id='line_1_3' title="bbox 165 586 1122 665; baseline 0.001 -18"><span class='ocrx_word' id='word_1_7' title='bbox 165 617 167 624; x_wconf 56' lang='lat'>&gt;</span> <span class='ocrx_word' id='word_1_8' title='bbox 215 587 263 647; x_wconf 86' lang='lat' dir='ltr'>De</span> <span class='ocrx_word' id='word_1_9' title='bbox 288 586 380 646; x_wconf 75' lang='lat' dir='ltr'>milite</span> <span class='ocrx_word' id='word_1_10' title='bbox 401 589 454 663; x_wconf 81' lang='lat' dir='ltr'>qui</span> <span class='ocrx_word' id='word_1_11' title='bbox 474 605 576 648; x_wconf 80' lang='lat' dir='ltr'>coram</span> <span class='ocrx_word' id='word_1_12' title='bbox 599 589 706 649; x_wconf 76' lang='lat' dir='ltr'>Christi</span> <span class='ocrx_word' id='word_1_13' title='bbox 726 606 848 665; x_wconf 78' lang='lat' dir='ltr'>corpore</span> <span class='ocrx_word' id='word_1_14' title='bbox 869 591 902 647; x_wconf 82' lang='lat' dir='ltr'>iu</span> <span class='ocrx_word' id='word_1_15' title='bbox 923 587 988 647; x_wconf 83' lang='lat' dir='ltr'>luto</span> <span class='ocrx_word' id='word_1_16' title='bbox 1008 589 1122 648; x_wconf 68' lang='lat' dir='ltr'>cauam</span> 
     </span>
     <span class='ocr_line' id='line_1_4' title="bbox 354 675 984 752; baseline 0 -19"><span class='ocrx_word' id='word_1_17' title='bbox 354 681 474 752; x_wconf 79' lang='lat' dir='ltr'>peteres,</span> <span class='ocrx_word' id='word_1_18' title='bbox 496 675 552 734; x_wconf 79' lang='lat' dir='ltr'>luti</span> <span class='ocrx_word' id='word_1_19' title='bbox 580 677 783 735; x_wconf 82' lang='lat' dir='ltr'>imnsundtttas</span> <span class='ocrx_word' id='word_1_20' title='bbox 804 693 867 734; x_wconf 79' lang='lat' dir='ltr'>aon</span> <span class='ocrx_word' id='word_1_21' title='bbox 886 677 984 733; x_wconf 74' lang='lat' dir='ltr'>sensit.</span> 
     </span>
    </p>
   </div>
   <div class='ocr_carea' id='block_1_4' title="bbox 75 793 1249 3660">
    <p class='ocr_par' dir='ltr' id='par_1_4' title="bbox 150 793 1178 1043">
     <span class='ocr_line' id='line_1_5' title="bbox 215 793 1177 872; baseline -0.001 -20"><span class='ocrx_word' id='word_1_22' title='bbox 215 793 357 871; x_wconf 83' lang='lat' dir='ltr'>Tempore</span> <span class='ocrx_word' id='word_1_23' title='bbox 379 795 539 856; x_wconf 87' lang='lat' dir='ltr'>schismatis</span> <span class='ocrx_word' id='word_1_24' title='bbox 560 798 633 857; x_wconf 90' lang='lat' dir='ltr'>inter</span> <span class='ocrx_word' id='word_1_25' title='bbox 653 796 818 872; x_wconf 88' lang='lat' dir='ltr'><strong>Philippum</strong></span> <span class='ocrx_word' id='word_1_26' title='bbox 842 802 871 855; x_wconf 91' lang='lat' dir='ltr'>et</span> <span class='ocrx_word' id='word_1_27' title='bbox 892 794 1037 870; x_wconf 88' lang='lat' dir='ltr'>Ottonem,</span> <span class='ocrx_word' id='word_1_28' title='bbox 1060 793 1177 854; x_wconf 89' lang='lat' dir='ltr'>domium</span> 
     </span>
     <span class='ocr_line' id='line_1_6' title="bbox 150 873 1178 964; baseline -0.003 -23"><span class='ocrx_word' id='word_1_29' title='bbox 150 881 238 942; x_wconf 91' lang='lat' dir='ltr'>Wido</span> <span class='ocrx_word' id='word_1_30' title='bbox 260 873 425 958; x_wconf 84' lang='lat' dir='ltr'>Cardinalie,</span> <span class='ocrx_word' id='word_1_31' title='bbox 447 882 601 958; x_wconf 90' lang='lat' dir='ltr'>aliquando</span> <span class='ocrx_word' id='word_1_32' title='bbox 613 881 630 964; x_wconf 86' lang='lat'>¹)</span> <span class='ocrx_word' id='word_1_33' title='bbox 653 883 755 942; x_wconf 86' lang='lat' dir='ltr'>Abbas</span> <span class='ocrx_word' id='word_1_34' title='bbox 778 883 981 957; x_wconf 88' lang='lat' dir='ltr'>Cistercicnsis,</span> <span class='ocrx_word' id='word_1_35' title='bbox 1002 899 1067 941; x_wconf 91' lang='lat' dir='ltr'>cum</span> <span class='ocrx_word' id='word_1_36' title='bbox 1088 882 1178 939; x_wconf 85' lang='lat' dir='ltr'>missus</span> 
     </span>
     <span class='ocr_line' id='line_1_7' title="bbox 150 967 1178 1043; baseline -0.002 -17"><span class='ocrx_word' id='word_1_37' title='bbox 150 968 250 1028; x_wconf 79' lang='lat' dir='ltr'>brisset</span> <span class='ocrx_word' id='word_1_38' title='bbox 271 967 420 1028; x_wconf 86' lang='lat' dir='ltr'>Coloniam</span> <span class='ocrx_word' id='word_1_39' title='bbox 446 970 482 1029; x_wconf 85' lang='lat' dir='ltr'>ad</span> <span class='ocrx_word' id='word_1_40' title='bbox 506 969 728 1030; x_wconf 88' lang='lat' dir='ltr'>confirmandam</span> <span class='ocrx_word' id='word_1_41' title='bbox 751 969 919 1029; x_wconf 84' lang='lat' dir='ltr'>electionem</span> <span class='ocrx_word' id='word_1_42' title='bbox 941 967 1063 1043; x_wconf 89' lang='lat' dir='ltr'>Ottonis,</span> <span class='ocrx_word' id='word_1_43' title='bbox 1083 968 1178 1026; x_wconf 83' lang='lat' dir='ltr'>bonam</span> 
     </span>
    </p>

    <p class='ocr_par' dir='ltr' id='par_1_5' title="bbox 75 1053 1249 3660">
     <span class='ocr_line' id='line_1_8' title="bbox 75 1053 1179 1134; baseline -0.003 -21"><span class='ocrx_word' id='word_1_44' title='bbox 75 1063 76 1070; x_wconf 76' lang='grc'>’</span> <span class='ocrx_word' id='word_1_45' title='bbox 150 1053 207 1114; x_wconf 89' lang='lat' dir='ltr'>illic</span> <span class='ocrx_word' id='word_1_46' title='bbox 222 1054 455 1116; x_wconf 90' lang='lat' dir='ltr'>consuetudinem</span> <span class='ocrx_word' id='word_1_47' title='bbox 469 1058 598 1116; x_wconf 82' lang='lat' dir='ltr'>instituit</span> <span class='ocrx_word' id='word_1_48' title='bbox 640 1057 791 1134; x_wconf 91' lang='lat' dir='ltr'>Praecepit</span> <span class='ocrx_word' id='word_1_49' title='bbox 800 1058 876 1115; x_wconf 91' lang='lat' dir='ltr'>enim</span> <span class='ocrx_word' id='word_1_50' title='bbox 889 1062 922 1114; x_wconf 92' lang='lat' dir='ltr'>ut</span> <span class='ocrx_word' id='word_1_51' title='bbox 943 1056 982 1115; x_wconf 89' lang='lat' dir='ltr'>ad</span> <span class='ocrx_word' id='word_1_52' title='bbox 1004 1054 1179 1116; x_wconf 84' lang='lat' dir='ltr'>elevationem</span> 
     </span>
     <span class='ocr_line' id='line_1_9' title="bbox 151 1141 1202 1218; baseline -0.003 -18"><span class='ocrx_word' id='word_1_53' title='bbox 151 1141 263 1202; x_wconf 85' lang='lat' dir='ltr'>hostiae</span> <span class='ocrx_word' id='word_1_54' title='bbox 278 1144 369 1201; x_wconf 89' lang='lat' dir='ltr'>omnis</span> <span class='ocrx_word' id='word_1_55' title='bbox 384 1143 508 1218; x_wconf 91' lang='lat' dir='ltr'>populus</span> <span class='ocrx_word' id='word_1_56' title='bbox 523 1145 551 1200; x_wconf 91' lang='lat' dir='ltr'>in</span> <span class='ocrx_word' id='word_1_57' title='bbox 567 1143 688 1203; x_wconf 88' lang='lat' dir='ltr'>ecclesia</span> <span class='ocrx_word' id='word_1_58' title='bbox 698 1142 735 1202; x_wconf 94' lang='lat' dir='ltr'>ad</span> <span class='ocrx_word' id='word_1_59' title='bbox 749 1146 875 1202; x_wconf 91' lang='lat' dir='ltr'>sonitum</span> <span class='ocrx_word' id='word_1_60' title='bbox 887 1142 971 1203; x_wconf 88' lang='lat' dir='ltr'>nolae</span> <span class='ocrx_word' id='word_1_61' title='bbox 985 1143 1096 1202; x_wconf 89' lang='lat' dir='ltr'>veniam</span> <span class='ocrx_word' id='word_1_62' title='bbox 1105 1147 1178 1218; x_wconf 89' lang='lat' dir='ltr'>pete-</span> <span class='ocrx_word' id='word_1_63' title='bbox 1199 1209 1202 1214; x_wconf 67' lang='lat'>,</span> 
     </span>
     <span class='ocr_line' id='line_1_10' title="bbox 152 1229 1178 1306; baseline -0.003 -20"><span class='ocrx_word' id='word_1_64' title='bbox 152 1235 213 1303; x_wconf 88' lang='lat' dir='ltr'>ret,</span> <span class='ocrx_word' id='word_1_65' title='bbox 241 1231 339 1303; x_wconf 90' lang='lat' dir='ltr'>sieque</span> <span class='ocrx_word' id='word_1_66' title='bbox 358 1246 450 1306; x_wconf 88' lang='lat' dir='ltr'>usquc</span> <span class='ocrx_word' id='word_1_67' title='bbox 469 1229 508 1289; x_wconf 89' lang='lat' dir='ltr'>ad</span> <span class='ocrx_word' id='word_1_68' title='bbox 530 1230 626 1289; x_wconf 89' lang='lat' dir='ltr'>calicis</span> <span class='ocrx_word' id='word_1_69' title='bbox 647 1230 876 1290; x_wconf 85' lang='lat' dir='ltr'>benedictionem</span> <span class='ocrx_word' id='word_1_70' title='bbox 898 1233 1057 1305; x_wconf 89' lang='lat' dir='ltr'>prostratus</span> <span class='ocrx_word' id='word_1_71' title='bbox 1078 1229 1178 1287; x_wconf 88' lang='lat' dir='ltr'>iaceret</span> 
     </span>
     <span class='ocr_line' id='line_1_11' title="bbox 152 1313 1178 1398; baseline -0.004 -24"><span class='ocrx_word' id='word_1_72' title='bbox 152 1314 304 1391; x_wconf 82' lang='lat' dir='ltr'>Praecepit</span> <span class='ocrx_word' id='word_1_73' title='bbox 318 1318 404 1375; x_wconf 88' lang='lat' dir='ltr'>etiam</span> <span class='ocrx_word' id='word_1_74' title='bbox 425 1324 457 1376; x_wconf 91' lang='lat' dir='ltr'>ut</span> <span class='ocrx_word' id='word_1_75' title='bbox 472 1319 603 1392; x_wconf 90' lang='lat' dir='ltr'>quotiens</span> <span class='ocrx_word' id='word_1_76' title='bbox 621 1334 725 1392; x_wconf 89' lang='lat' dir='ltr'>corpus</span> <span class='ocrx_word' id='word_1_77' title='bbox 739 1317 856 1376; x_wconf 91' lang='lat' dir='ltr'>Domini</span> <span class='ocrx_word' id='word_1_78' title='bbox 864 1313 885 1398; x_wconf 89' lang='lat'>²)</span> <span class='ocrx_word' id='word_1_79' title='bbox 909 1314 1093 1375; x_wconf 82' lang='lat' dir='ltr'>deserendum</span> <span class='ocrx_word' id='word_1_80' title='bbox 1113 1317 1178 1374; x_wconf 87' lang='lat' dir='ltr'>esset</span> 
     </span>
     <span class='ocr_line' id='line_1_12' title="bbox 153 1399 1178 1480; baseline -0.004 -19"><span class='ocrx_word' id='word_1_81' title='bbox 153 1399 192 1461; x_wconf 88' lang='lat' dir='ltr'>ad</span> <span class='ocrx_word' id='word_1_82' title='bbox 207 1400 357 1478; x_wconf 87' lang='lat' dir='ltr'>infirmum,</span> <span class='ocrx_word' id='word_1_83' title='bbox 378 1402 516 1463; x_wconf 89' lang='lat' dir='ltr'>scholaris</span> <span class='ocrx_word' id='word_1_84' title='bbox 530 1407 590 1464; x_wconf 91' lang='lat' dir='ltr'>sive</span> <span class='ocrx_word' id='word_1_85' title='bbox 604 1406 803 1480; x_wconf 87' lang='lat' dir='ltr'>campanarius</span> <span class='ocrx_word' id='word_1_86' title='bbox 815 1401 994 1464; x_wconf 83' lang='lat' dir='ltr'>sacerdotem</span> <span class='ocrx_word' id='word_1_87' title='bbox 1008 1399 1178 1480; x_wconf 87' lang='lat' dir='ltr'>praecedens,</span> 
     </span>
     <span class='ocr_line' id='line_1_13' title="bbox 153 1487 1178 1568; baseline -0.002 -21"><span class='ocrx_word' id='word_1_88' title='bbox 153 1505 204 1566; x_wconf 91' lang='lat' dir='ltr'>per</span> <span class='ocrx_word' id='word_1_89' title='bbox 221 1488 318 1548; x_wconf 88' lang='lat' dir='ltr'>nolam</span> <span class='ocrx_word' id='word_1_90' title='bbox 338 1488 407 1548; x_wconf 94' lang='lat' dir='ltr'>illud</span> <span class='ocrx_word' id='word_1_91' title='bbox 429 1490 574 1566; x_wconf 85' lang='lat' dir='ltr'>proderet3</span> <span class='ocrx_word' id='word_1_92' title='bbox 596 1493 705 1566; x_wconf 88' lang='lat' dir='ltr'>sieque&#39;</span> <span class='ocrx_word' id='word_1_93' title='bbox 717 1492 809 1550; x_wconf 92' lang='lat' dir='ltr'>omnis</span> <span class='ocrx_word' id='word_1_94' title='bbox 830 1488 953 1568; x_wconf 88' lang='lat' dir='ltr'>populus</span> <span class='ocrx_word' id='word_1_95' title='bbox 966 1495 1026 1548; x_wconf 87' lang='lat' dir='ltr'>tarn</span> <span class='ocrx_word' id='word_1_96' title='bbox 1047 1491 1076 1566; x_wconf 78' lang='lat' dir='ltr'>in</span> <span class='ocrx_word' id='word_1_97' title='bbox 1094 1487 1178 1546; x_wconf 86' lang='lat' dir='ltr'>stratis</span> 
     </span>
     <span class='ocr_line' id='line_1_14' title="bbox 153 1573 1176 1657; baseline -0.004 -23"><span class='ocrx_word' id='word_1_98' title='bbox 153 1591 240 1657; x_wconf 89' lang='lat' dir='ltr'>quam</span> <span class='ocrx_word' id='word_1_99' title='bbox 271 1577 301 1634; x_wconf 91' lang='lat' dir='ltr'>in</span> <span class='ocrx_word' id='word_1_100' title='bbox 338 1575 469 1636; x_wconf 84' lang='lat' dir='ltr'>domibus</span> <span class='ocrx_word' id='word_1_101' title='bbox 505 1577 649 1636; x_wconf 80' lang='lat' dir='ltr'>Christum</span> <span class='ocrx_word' id='word_1_102' title='bbox 687 1576 827 1636; x_wconf 89' lang='lat' dir='ltr'>adoraret.</span> <span class='ocrx_word' id='word_1_103' title='bbox 882 1576 992 1636; x_wconf 88' lang='lat' dir='ltr'>Retulit</span> <span class='ocrx_word' id='word_1_104' title='bbox 1021 1577 1061 1636; x_wconf 90' lang='lat' dir='ltr'>eis</span> <span class='ocrx_word' id='word_1_105' title='bbox 1087 1573 1176 1634; x_wconf 91' lang='lat' dir='ltr'>codem</span> 
     </span>
     <span class='ocr_line' id='line_1_15' title="bbox 152 1655 1178 1744; baseline -0.004 -22"><span class='ocrx_word' id='word_1_106' title='bbox 152 1667 281 1738; x_wconf 82' lang='lat' dir='ltr'>tempore</span> <span class='ocrx_word' id='word_1_107' title='bbox 302 1680 400 1744; x_wconf 87' lang='lat' dir='ltr'>casum</span> <span class='ocrx_word' id='word_1_108' title='bbox 419 1665 489 1723; x_wconf 89' lang='lat' dir='ltr'>satis</span> <span class='ocrx_word' id='word_1_109' title='bbox 508 1664 720 1723; x_wconf 88' lang='lat' dir='ltr'>miraculosum.</span> <span class='ocrx_word' id='word_1_110' title='bbox 762 1661 846 1723; x_wconf 83' lang='lat' dir='ltr'>Miles</span> <span class='ocrx_word' id='word_1_111' title='bbox 868 1663 986 1739; x_wconf 91' lang='lat' dir='ltr'>quidam</span> <span class='ocrx_word' id='word_1_112' title='bbox 1013 1665 1043 1720; x_wconf 92' lang='lat' dir='ltr'>in</span> <span class='ocrx_word' id='word_1_113' title='bbox 1070 1655 1178 1720; x_wconf 83' lang='lat' dir='ltr'>Francia</span> 
     </span>
     <span class='ocr_line' id='line_1_16' title="bbox 153 1746 1178 1826; baseline -0.003 -19"><span class='ocrx_word' id='word_1_114' title='bbox 153 1747 207 1808; x_wconf 87' lang='lat' dir='ltr'>fuit</span> <span class='ocrx_word' id='word_1_115' title='bbox 217 1755 315 1809; x_wconf 89' lang='lat' dir='ltr'>tantae</span> <span class='ocrx_word' id='word_1_116' title='bbox 329 1750 498 1825; x_wconf 84' lang='lat' dir='ltr'>devotionis,</span> <span class='ocrx_word' id='word_1_117' title='bbox 518 1756 551 1809; x_wconf 92' lang='lat' dir='ltr'>ut</span> <span class='ocrx_word' id='word_1_118' title='bbox 571 1753 816 1826; x_wconf 89' lang='lat' dir='ltr'>quotienscunque</span> <span class='ocrx_word' id='word_1_119' title='bbox 838 1749 943 1809; x_wconf 84' lang='lat' dir='ltr'>Christi</span> <span class='ocrx_word' id='word_1_120' title='bbox 964 1766 1067 1825; x_wconf 91' lang='lat' dir='ltr'>eorpus</span> <span class='ocrx_word' id='word_1_121' title='bbox 1087 1746 1178 1807; x_wconf 88' lang='lat' dir='ltr'>elevari</span> 
     </span>
     <span class='ocr_line' id='line_1_17' title="bbox 153 1835 1177 1912; baseline -0.005 -18"><span class='ocrx_word' id='word_1_122' title='bbox 153 1838 215 1894; x_wconf 84' lang='lat' dir='ltr'>sive</span> <span class='ocrx_word' id='word_1_123' title='bbox 244 1835 345 1895; x_wconf 81' lang='lat' dir='ltr'>deferri</span> <span class='ocrx_word' id='word_1_124' title='bbox 371 1837 497 1912; x_wconf 86' lang='lat' dir='ltr'>videret,</span> <span class='ocrx_word' id='word_1_125' title='bbox 532 1843 690 1912; x_wconf 89' lang='lat' dir='ltr'>prostratus</span> <span class='ocrx_word' id='word_1_126' title='bbox 719 1837 789 1895; x_wconf 92' lang='lat' dir='ltr'>illud</span> <span class='ocrx_word' id='word_1_127' title='bbox 817 1836 958 1899; x_wconf 89' lang='lat' dir='ltr'>adoraret.</span> <span class='ocrx_word' id='word_1_128' title='bbox 1009 1835 1127 1912; x_wconf 85' lang='lat' dir='ltr'>Contigit</span> <span class='ocrx_word' id='word_1_129' title='bbox 1150 1837 1177 1890; x_wconf 90' lang='lat' dir='ltr'>ut</span> 
     </span>
     <span class='ocr_line' id='line_1_18' title="bbox 154 1913 1249 2000; baseline -0.002 -20"><span class='ocrx_word' id='word_1_130' title='bbox 154 1921 201 1980; x_wconf 90' lang='lat' dir='ltr'>die</span> <span class='ocrx_word' id='word_1_131' title='bbox 219 1923 343 1996; x_wconf 87' lang='lat' dir='ltr'>quadam</span> <span class='ocrx_word' id='word_1_132' title='bbox 358 1924 487 1983; x_wconf 85' lang='lat' dir='ltr'>vestibus</span> <span class='ocrx_word' id='word_1_133' title='bbox 508 1927 566 1983; x_wconf 90' lang='lat' dir='ltr'>suis</span> <span class='ocrx_word' id='word_1_134' title='bbox 587 1925 717 2000; x_wconf 87' lang='lat' dir='ltr'>pretiosis</span> <span class='ocrx_word' id='word_1_135' title='bbox 738 1922 854 1983; x_wconf 90' lang='lat' dir='ltr'>indutus</span> <span class='ocrx_word' id='word_1_136' title='bbox 875 1927 993 1983; x_wconf 85' lang='lat' dir='ltr'>intraret</span> <span class='ocrx_word' id='word_1_137' title='bbox 1013 1913 1176 1996; x_wconf 65' lang='lat' dir='ltr'>civitatem³h</span> <span class='ocrx_word' id='word_1_138' title='bbox 1248 1917 1249 1944; x_wconf 52' lang='lat' dir='ltr'>l</span> 
     </span>
     <span class='ocr_line' id='line_1_19' title="bbox 154 2007 1176 2086; baseline -0.005 -18"><span class='ocrx_word' id='word_1_139' title='bbox 154 2007 284 2084; x_wconf 83' lang='lat' dir='ltr'>Cumque</span> <span class='ocrx_word' id='word_1_140' title='bbox 318 2009 414 2086; x_wconf 86' lang='lat' dir='ltr'>platea</span> <span class='ocrx_word' id='word_1_141' title='bbox 441 2013 471 2068; x_wconf 91' lang='lat' dir='ltr'>in</span> <span class='ocrx_word' id='word_1_142' title='bbox 500 2028 558 2086; x_wconf 91' lang='lat' dir='ltr'>qua</span> <span class='ocrx_word' id='word_1_143' title='bbox 587 2011 734 2085; x_wconf 84' lang='lat' dir='ltr'>equitabat</span> <span class='ocrx_word' id='word_1_144' title='bbox 754 2013 837 2070; x_wconf 91' lang='lat' dir='ltr'>nimis</span> <span class='ocrx_word' id='word_1_145' title='bbox 854 2016 931 2070; x_wconf 89' lang='lat' dir='ltr'>esset</span> <span class='ocrx_word' id='word_1_146' title='bbox 951 2010 1059 2084; x_wconf 80' lang='lat' dir='ltr'>lutosa,</span> <span class='ocrx_word' id='word_1_147' title='bbox 1080 2025 1113 2067; x_wconf 87' lang='lat' dir='ltr'>ex</span> <span class='ocrx_word' id='word_1_148' title='bbox 1129 2009 1176 2063; x_wconf 93' lang='lat' dir='ltr'>im·</span> 
     </span>
     <span class='ocr_line' id='line_1_20' title="bbox 153 2094 1176 2174; baseline -0.004 -20"><span class='ocrx_word' id='word_1_149' title='bbox 153 2098 270 2171; x_wconf 89' lang='lat' dir='ltr'>proviso</span> <span class='ocrx_word' id='word_1_150' title='bbox 295 2098 412 2157; x_wconf 87' lang='lat' dir='ltr'>obvium</span> <span class='ocrx_word' id='word_1_151' title='bbox 439 2096 541 2162; x_wconf 89' lang='lat' dir='ltr'>habuit</span> <span class='ocrx_word' id='word_1_152' title='bbox 568 2115 671 2173; x_wconf 88' lang='lat' dir='ltr'>corpus</span> <span class='ocrx_word' id='word_1_153' title='bbox 699 2097 824 2156; x_wconf 90' lang='lat' dir='ltr'>Domini.</span> <span class='ocrx_word' id='word_1_154' title='bbox 869 2097 934 2174; x_wconf 89' lang='lat' dir='ltr'>Quo</span> <span class='ocrx_word' id='word_1_155' title='bbox 962 2098 1025 2156; x_wconf 86' lang='lat' dir='ltr'>viso</span> <span class='ocrx_word' id='word_1_156' title='bbox 1042 2094 1176 2173; x_wconf 86' lang='lat' dir='ltr'>modicum</span> 
     </span>
     <span class='ocr_line' id='line_1_21' title="bbox 153 2183 1176 2262; baseline -0.005 -21"><span class='ocrx_word' id='word_1_157' title='bbox 153 2184 228 2242; x_wconf 86' lang='lat' dir='ltr'>intra</span> <span class='ocrx_word' id='word_1_158' title='bbox 244 2201 276 2242; x_wconf 90' lang='lat' dir='ltr'>se</span> <span class='ocrx_word' id='word_1_159' title='bbox 297 2184 456 2244; x_wconf 82' lang='lat' dir='ltr'>deliberans</span> <span class='ocrx_word' id='word_1_160' title='bbox 478 2187 534 2244; x_wconf 87' lang='lat' dir='ltr'>ait:</span> <span class='ocrx_word' id='word_1_161' title='bbox 563 2183 640 2262; x_wconf 90' lang='lat' dir='ltr'>Quid</span> <span class='ocrx_word' id='word_1_162' title='bbox 660 2185 748 2244; x_wconf 88' lang='lat' dir='ltr'>iacies</span> <span class='ocrx_word' id='word_1_163' title='bbox 769 2183 878 2245; x_wconf 77' lang='lat' dir='ltr'>modo?</span> <span class='ocrx_word' id='word_1_164' title='bbox 922 2183 953 2244; x_wconf 86' lang='lat' dir='ltr'>Si</span> <span class='ocrx_word' id='word_1_165' title='bbox 970 2185 999 2242; x_wconf 88' lang='lat' dir='ltr'>in</span> <span class='ocrx_word' id='word_1_166' title='bbox 1024 2189 1101 2242; x_wconf 88' lang='lat' dir='ltr'>tanta</span> <span class='ocrx_word' id='word_1_167' title='bbox 1119 2193 1176 2256; x_wconf 87' lang='lat' dir='ltr'>pro·</span> 
     </span>
     <span class='ocr_line' id='line_1_22' title="bbox 153 2265 1174 2351; baseline -0.006 -21"><span class='ocrx_word' id='word_1_168' title='bbox 153 2268 291 2330; x_wconf 78' lang='lat' dir='ltr'>binditate</span> <span class='ocrx_word' id='word_1_169' title='bbox 311 2278 339 2331; x_wconf 93' lang='lat' dir='ltr'>te</span> <span class='ocrx_word' id='word_1_170' title='bbox 368 2273 570 2351; x_wconf 75' lang='lat' dir='ltr'>prostraveris,</span> <span class='ocrx_word' id='word_1_171' title='bbox 600 2270 713 2348; x_wconf 90' lang='lat' dir='ltr'>perdita</span> <span class='ocrx_word' id='word_1_172' title='bbox 738 2278 805 2332; x_wconf 88' lang='lat' dir='ltr'>sunt</span> <span class='ocrx_word' id='word_1_173' title='bbox 835 2273 1007 2330; x_wconf 85' lang='lat' dir='ltr'>vestimenta</span> <span class='ocrx_word' id='word_1_174' title='bbox 1035 2276 1084 2329; x_wconf 88' lang='lat' dir='ltr'>tua</span> <span class='ocrx_word' id='word_1_175' title='bbox 1115 2265 1174 2326; x_wconf 86' lang='lat' dir='ltr'>haee</span> 
     </span>
     <span class='ocr_line' id='line_1_23' title="bbox 155 2355 1247 2433; baseline -0.005 -19"><span class='ocrx_word' id='word_1_176' title='bbox 155 2355 294 2433; x_wconf 79' lang='lat' dir='ltr'>delicata3</span> <span class='ocrx_word' id='word_1_177' title='bbox 341 2359 366 2417; x_wconf 90' lang='lat' dir='ltr'>si</span> <span class='ocrx_word' id='word_1_178' title='bbox 401 2374 468 2419; x_wconf 84' lang='lat' dir='ltr'>vero</span> <span class='ocrx_word' id='word_1_179' title='bbox 504 2373 562 2416; x_wconf 89' lang='lat' dir='ltr'>non</span> <span class='ocrx_word' id='word_1_180' title='bbox 598 2357 793 2433; x_wconf 88' lang='lat' dir='ltr'>descenderis,</span> <span class='ocrx_word' id='word_1_181' title='bbox 831 2357 1035 2417; x_wconf 86' lang='lat' dir='ltr'>saluberrimae</span> <span class='ocrx_word' id='word_1_182' title='bbox 1069 2369 1174 2415; x_wconf 84' lang='lat' dir='ltr'>eonsue-</span> <span class='ocrx_word' id='word_1_183' title='bbox 1246 2421 1247 2432; x_wconf 20' lang='lat'>2</span> 
     </span>
     <span class='ocr_line' id='line_1_24' title="bbox 154 2435 1247 2526; baseline -0.003 -27"><span class='ocrx_word' id='word_1_184' title='bbox 154 2440 288 2522; x_wconf 75' lang='lat' dir='ltr'>tudinis⁴)</span> <span class='ocrx_word' id='word_1_185' title='bbox 333 2450 571 2526; x_wconf 55' lang='lat' dir='ltr'>transgressorem</span> <span class='ocrx_word' id='word_1_186' title='bbox 612 2452 640 2504; x_wconf 91' lang='lat' dir='ltr'>te</span> <span class='ocrx_word' id='word_1_187' title='bbox 683 2462 795 2520; x_wconf 85' lang='lat' dir='ltr'>semper</span> <span class='ocrx_word' id='word_1_188' title='bbox 830 2442 979 2504; x_wconf 89' lang='lat' dir='ltr'>accusabit</span> <span class='ocrx_word' id='word_1_189' title='bbox 1013 2440 1174 2503; x_wconf 84' lang='lat' dir='ltr'>conscientia</span> <span class='ocrx_word' id='word_1_190' title='bbox 1246 2435 1247 2446; x_wconf 56' lang='lat'>¹</span> 
     </span>
     <span class='ocr_line' id='line_1_25' title="bbox 155 2527 1175 2606; baseline -0.004 -19"><span class='ocrx_word' id='word_1_191' title='bbox 155 2527 232 2605; x_wconf 89' lang='lat' dir='ltr'>Quid</span> <span class='ocrx_word' id='word_1_192' title='bbox 259 2529 362 2606; x_wconf 77' lang='lat' dir='ltr'>plura?</span> <span class='ocrx_word' id='word_1_193' title='bbox 418 2531 656 2591; x_wconf 87' lang='lat' dir='ltr'>Praevalescente</span> <span class='ocrx_word' id='word_1_194' title='bbox 681 2531 832 2591; x_wconf 84' lang='lat' dir='ltr'>devotione</span> <span class='ocrx_word' id='word_1_195' title='bbox 872 2530 908 2591; x_wconf 91' lang='lat' dir='ltr'>de</span> <span class='ocrx_word' id='word_1_196' title='bbox 943 2547 1018 2606; x_wconf 92' lang='lat' dir='ltr'>equo</span> <span class='ocrx_word' id='word_1_197' title='bbox 1046 2528 1175 2606; x_wconf 86' lang='lat' dir='ltr'>prosiliens</span> 
     </span>
     <span class='ocr_line' id='line_1_26' title="bbox 153 2613 1175 2694; baseline -0.005 -18"><span class='ocrx_word' id='word_1_198' title='bbox 153 2617 184 2676; x_wconf 90' lang='lat' dir='ltr'>iu</span> <span class='ocrx_word' id='word_1_199' title='bbox 199 2615 304 2675; x_wconf 84' lang='lat' dir='ltr'>-lutum</span> <span class='ocrx_word' id='word_1_200' title='bbox 332 2634 363 2675; x_wconf 88' lang='lat' dir='ltr'>se</span> <span class='ocrx_word' id='word_1_201' title='bbox 393 2620 484 2694; x_wconf 88' lang='lat' dir='ltr'>misit,</span> <span class='ocrx_word' id='word_1_202' title='bbox 515 2620 545 2677; x_wconf 94' lang='lat' dir='ltr'>in</span> <span class='ocrx_word' id='word_1_203' title='bbox 573 2635 630 2694; x_wconf 91' lang='lat' dir='ltr'>quo</span> <span class='ocrx_word' id='word_1_204' title='bbox 657 2619 737 2678; x_wconf 86' lang='lat' dir='ltr'>flexis</span> <span class='ocrx_word' id='word_1_205' title='bbox 765 2619 887 2694; x_wconf 86' lang='lat' dir='ltr'>genibus</span> <span class='ocrx_word' id='word_1_206' title='bbox 914 2618 1047 2678; x_wconf 88' lang='lat' dir='ltr'>manibus</span> <span class='ocrx_word' id='word_1_207' title='bbox 1076 2613 1175 2675; x_wconf 80' lang='lat' dir='ltr'>elevatis</span> 
     </span>
     <span class='ocr_line' id='line_1_27' title="bbox 156 2698 1175 2782; baseline -0.005 -20"><span class='ocrx_word' id='word_1_208' title='bbox 156 2701 262 2763; x_wconf 90' lang='lat' dir='ltr'>Christi</span> <span class='ocrx_word' id='word_1_209' title='bbox 287 2720 391 2782; x_wconf 90' lang='lat' dir='ltr'>corpus</span> <span class='ocrx_word' id='word_1_210' title='bbox 418 2703 558 2763; x_wconf 88' lang='lat' dir='ltr'>adoravit.</span> <span class='ocrx_word' id='word_1_211' title='bbox 599 2705 638 2764; x_wconf 87' lang='lat' dir='ltr'>Et</span> <span class='ocrx_word' id='word_1_212' title='bbox 665 2707 733 2782; x_wconf 91' lang='lat' dir='ltr'>quia</span> <span class='ocrx_word' id='word_1_213' title='bbox 761 2704 942 2765; x_wconf 88' lang='lat' dir='ltr'>dulcissimus</span> <span class='ocrx_word' id='word_1_214' title='bbox 970 2704 1110 2762; x_wconf 89' lang='lat' dir='ltr'>Dominus</span> <span class='ocrx_word' id='word_1_215' title='bbox 1132 2698 1175 2758; x_wconf 94' lang='lat' dir='ltr'>ho-</span> 
     </span>
     <span class='ocr_line' id='line_1_28' title="bbox 155 2787 1175 2866; baseline 0 -18"><span class='ocrx_word' id='word_1_216' title='bbox 155 2796 289 2850; x_wconf 91' lang='lat' dir='ltr'>norantes</span> <span class='ocrx_word' id='word_1_217' title='bbox 324 2807 356 2852; x_wconf 86' lang='lat' dir='ltr'>so</span> <span class='ocrx_word' id='word_1_218' title='bbox 384 2807 442 2851; x_wconf 89' lang='lat' dir='ltr'>non</span> <span class='ocrx_word' id='word_1_219' title='bbox 475 2791 569 2851; x_wconf 86' lang='lat' dir='ltr'>solum</span> <span class='ocrx_word' id='word_1_220' title='bbox 597 2794 627 2851; x_wconf 93' lang='lat' dir='ltr'>in</span> <span class='ocrx_word' id='word_1_221' title='bbox 655 2793 750 2852; x_wconf 82' lang='lat' dir='ltr'>futuro</span> <span class='ocrx_word' id='word_1_222' title='bbox 771 2799 948 2866; x_wconf 89' lang='lat' dir='ltr'>remunerat,</span> <span class='ocrx_word' id='word_1_223' title='bbox 978 2792 1036 2848; x_wconf 90' lang='lat' dir='ltr'>imo</span> <span class='ocrx_word' id='word_1_224' title='bbox 1059 2787 1175 2848; x_wconf 74' lang='lat' dir='ltr'>stanin</span> 
     </span>
     <span class='ocr_line' id='line_1_29' title="bbox 155 2875 1245 2954; baseline -0.002 -22"><span class='ocrx_word' id='word_1_225' title='bbox 155 2879 297 2951; x_wconf 88' lang='lat' dir='ltr'>praesenti</span> <span class='ocrx_word' id='word_1_226' title='bbox 322 2895 526 2954; x_wconf 87' lang='lat' dir='ltr'>nonnunquam</span> <span class='ocrx_word' id='word_1_227' title='bbox 555 2877 723 2954; x_wconf 87' lang='lat' dir='ltr'>rehonorat,</span> <span class='ocrx_word' id='word_1_228' title='bbox 749 2877 806 2940; x_wconf 90' lang='lat' dir='ltr'>hoe</span> <span class='ocrx_word' id='word_1_229' title='bbox 834 2881 892 2954; x_wconf 84' lang='lat' dir='ltr'>egit</span> <span class='ocrx_word' id='word_1_230' title='bbox 918 2895 972 2937; x_wconf 88' lang='lat' dir='ltr'>sua</span> <span class='ocrx_word' id='word_1_231' title='bbox 992 2877 1129 2953; x_wconf 88' lang='lat' dir='ltr'>potentia,</span> <span class='ocrx_word' id='word_1_232' title='bbox 1153 2875 1176 2929; x_wconf 84' lang='lat' dir='ltr'>ut</span> <span class='ocrx_word' id='word_1_233' title='bbox 1244 2909 1245 2914; x_wconf 22' lang='grc' dir='ltr'><strong><em>κ</em></strong></span> 
     </span>
     <span class='ocr_line' id='line_1_30' title="bbox 155 2961 1174 3042; baseline -0.006 -22"><span class='ocrx_word' id='word_1_234' title='bbox 155 2963 242 3022; x_wconf 90' lang='lat' dir='ltr'>totius</span> <span class='ocrx_word' id='word_1_235' title='bbox 255 2963 308 3022; x_wconf 91' lang='lat' dir='ltr'>luti</span> <span class='ocrx_word' id='word_1_236' title='bbox 320 2981 374 3024; x_wconf 87' lang='lat' dir='ltr'>nec</span> <span class='ocrx_word' id='word_1_237' title='bbox 388 2981 447 3024; x_wconf 88' lang='lat' dir='ltr'>una</span> <span class='ocrx_word' id='word_1_238' title='bbox 468 2963 583 3040; x_wconf 89' lang='lat' dir='ltr'>quidem</span> <span class='ocrx_word' id='word_1_239' title='bbox 604 2965 716 3042; x_wconf 80' lang='lat' dir='ltr'>guttula</span> <span class='ocrx_word' id='word_1_240' title='bbox 736 2967 914 3024; x_wconf 85' lang='lat' dir='ltr'>vestimentis</span> <span class='ocrx_word' id='word_1_241' title='bbox 936 2965 997 3024; x_wconf 88' lang='lat' dir='ltr'>eius</span> <span class='ocrx_word' id='word_1_242' title='bbox 1018 2961 1174 3023; x_wconf 85' lang='lat' dir='ltr'>adhaereret</span> 
     </span>
     <span class='ocr_line' id='line_1_31' title="bbox 155 3045 1174 3126; baseline -0.002 -19"><span class='ocrx_word' id='word_1_243' title='bbox 155 3046 239 3124; x_wconf 81' lang='lat' dir='ltr'>¹Tunc</span> <span class='ocrx_word' id='word_1_244' title='bbox 260 3066 365 3124; x_wconf 90' lang='lat' dir='ltr'>equum</span> <span class='ocrx_word' id='word_1_245' title='bbox 387 3069 454 3110; x_wconf 90' lang='lat' dir='ltr'>eum</span> <span class='ocrx_word' id='word_1_246' title='bbox 474 3051 565 3110; x_wconf 90' lang='lat' dir='ltr'>multa</span> <span class='ocrx_word' id='word_1_247' title='bbox 585 3051 772 3112; x_wconf 89' lang='lat' dir='ltr'>admiratione</span> <span class='ocrx_word' id='word_1_248' title='bbox 792 3049 997 3124; x_wconf 87' lang='lat' dir='ltr'>reascendens,</span> <span class='ocrx_word' id='word_1_249' title='bbox 1021 3049 1136 3126; x_wconf 89' lang='lat' dir='ltr'>amplius</span> <span class='ocrx_word' id='word_1_250' title='bbox 1153 3045 1174 3103; x_wconf 86' lang='lat' dir='ltr'>iu</span> 
     </span>
     <span class='ocr_line' id='line_1_32' title="bbox 154 3131 1175 3218; baseline -0.002 -27"><span class='ocrx_word' id='word_1_251' title='bbox 154 3132 214 3193; x_wconf 90' lang='lat' dir='ltr'>fide</span> <span class='ocrx_word' id='word_1_252' title='bbox 236 3134 453 3218; x_wconf 79' lang='lat' dir='ltr'>confortatus⁵),</span> <span class='ocrx_word' id='word_1_253' title='bbox 484 3137 580 3198; x_wconf 92' lang='lat' dir='ltr'>Deum</span> <span class='ocrx_word' id='word_1_254' title='bbox 601 3138 780 3216; x_wconf 81' lang='lat' dir='ltr'>glorificavit</span> <span class='ocrx_word' id='word_1_255' title='bbox 821 3137 919 3198; x_wconf 87' lang='lat' dir='ltr'>Simile</span> <span class='ocrx_word' id='word_1_256' title='bbox 942 3137 1059 3214; x_wconf 84' lang='lat' dir='ltr'>contigit</span> <span class='ocrx_word' id='word_1_257' title='bbox 1080 3131 1175 3195; x_wconf 86' lang='lat' dir='ltr'>cuidam</span> 
     </span>
     <span class='ocr_line' id='line_1_33' title="bbox 156 3217 1177 3301; baseline 0.002 -23"><span class='ocrx_word' id='word_1_258' title='bbox 156 3219 304 3296; x_wconf 83' lang='lat' dir='ltr'>religiosae</span> <span class='ocrx_word' id='word_1_259' title='bbox 338 3223 460 3284; x_wconf 88' lang='lat' dir='ltr'>feminae</span> <span class='ocrx_word' id='word_1_260' title='bbox 487 3229 516 3284; x_wconf 93' lang='lat' dir='ltr'>in</span> <span class='ocrx_word' id='word_1_261' title='bbox 545 3227 692 3301; x_wconf 89' lang='lat' dir='ltr'>provincia</span> <span class='ocrx_word' id='word_1_262' title='bbox 722 3231 829 3284; x_wconf 89' lang='lat' dir='ltr'>nostra.</span> <span class='ocrx_word' id='word_1_263' title='bbox 878 3221 1081 3284; x_wconf 83' lang='lat' dir='ltr'>NOVICIUS:</span> <span class='ocrx_word' id='word_1_264' title='bbox 1113 3217 1177 3280; x_wconf 74' lang='lat' dir='ltr'>sats</span> 
     </span>
     <span class='ocr_line' id='line_1_34' title="bbox 157 3303 1176 3374; baseline -0.002 -8"><span class='ocrx_word' id='word_1_265' title='bbox 157 3304 283 3367; x_wconf 90' lang='lat' dir='ltr'>delector</span> <span class='ocrx_word' id='word_1_266' title='bbox 298 3309 327 3367; x_wconf 93' lang='lat' dir='ltr'>in</span> <span class='ocrx_word' id='word_1_267' title='bbox 347 3312 408 3368; x_wconf 85' lang='lat' dir='ltr'>istis</span> <span class='ocrx_word' id='word_1_268' title='bbox 428 3313 579 3372; x_wconf 88' lang='lat' dir='ltr'>miraculis.</span> <span class='ocrx_word' id='word_1_269' title='bbox 620 3310 856 3372; x_wconf 85' lang='lat' dir='ltr'>MONACHUS:</span> <span class='ocrx_word' id='word_1_270' title='bbox 877 3309 944 3370; x_wconf 90' lang='lat' dir='ltr'>Hoc</span> <span class='ocrx_word' id='word_1_271' title='bbox 965 3313 1051 3371; x_wconf 89' lang='lat' dir='ltr'>etiam</span> <span class='ocrx_word' id='word_1_272' title='bbox 1071 3303 1176 3374; x_wconf 80' lang='lat' dir='ltr'>noueris,</span> 
     </span>
     <span class='ocr_line' id='line_1_35' title="bbox 158 3393 1177 3474; baseline -0.004 -22"><span class='ocrx_word' id='word_1_273' title='bbox 158 3394 226 3470; x_wconf 87' lang='lat' dir='ltr'>quia</span> <span class='ocrx_word' id='word_1_274' title='bbox 253 3396 328 3454; x_wconf 79' lang='lat' dir='ltr'>siem</span> <span class='ocrx_word' id='word_1_275' title='bbox 346 3393 488 3457; x_wconf 90' lang='lat' dir='ltr'>Dominus</span> <span class='ocrx_word' id='word_1_276' title='bbox 512 3416 565 3458; x_wconf 89' lang='lat' dir='ltr'>sua</span> <span class='ocrx_word' id='word_1_277' title='bbox 585 3406 765 3460; x_wconf 85' lang='lat' dir='ltr'>sacramenta</span> <span class='ocrx_word' id='word_1_278' title='bbox 785 3404 818 3458; x_wconf 91' lang='lat' dir='ltr'>ut</span> <span class='ocrx_word' id='word_1_279' title='bbox 837 3397 1016 3474; x_wconf 88' lang='lat' dir='ltr'>praedictum</span> <span class='ocrx_word' id='word_1_280' title='bbox 1037 3403 1078 3456; x_wconf 90' lang='lat' dir='ltr'>est</span> <span class='ocrx_word' id='word_1_281' title='bbox 1097 3393 1177 3452; x_wconf 92' lang='lat' dir='ltr'>hono-</span> 
     </span>
     <span class='ocr_line' id='line_1_36' title="bbox 157 3477 1177 3563; baseline -0.002 -23"><span class='ocrx_word' id='word_1_282' title='bbox 157 3481 286 3540; x_wconf 87' lang='lat' dir='ltr'>rantibus</span> <span class='ocrx_word' id='word_1_283' title='bbox 297 3477 460 3563; x_wconf 57' lang='lat' dir='ltr'>rependam)</span> <span class='ocrx_word' id='word_1_284' title='bbox 482 3485 628 3560; x_wconf 91' lang='lat' dir='ltr'>honorem,</span> <span class='ocrx_word' id='word_1_285' title='bbox 649 3488 689 3546; x_wconf 89' lang='lat' dir='ltr'>sic</span> <span class='ocrx_word' id='word_1_286' title='bbox 705 3485 971 3561; x_wconf 87' lang='lat' dir='ltr'>blasphemantibus</span> <span class='ocrx_word' id='word_1_287' title='bbox 992 3483 1042 3544; x_wconf 90' lang='lat' dir='ltr'>illa</span> <span class='ocrx_word' id='word_1_288' title='bbox 1060 3493 1177 3542; x_wconf 88' lang='lat' dir='ltr'>nonuun-</span> 
     </span>
     <span class='ocr_line' id='line_1_37' title="bbox 158 3569 983 3660; baseline 0.005 -34"><span class='ocrx_word' id='word_1_289' title='bbox 158 3583 246 3644; x_wconf 90' lang='lat' dir='ltr'>quam</span> <span class='ocrx_word' id='word_1_290' title='bbox 265 3570 295 3626; x_wconf 89' lang='lat' dir='ltr'>in</span> <span class='ocrx_word' id='word_1_291' title='bbox 315 3573 459 3645; x_wconf 88' lang='lat' dir='ltr'>praesenti</span> <span class='ocrx_word' id='word_1_292' title='bbox 476 3569 628 3660; x_wconf 87' lang='lat' dir='ltr'>poenalem</span> <span class='ocrx_word' id='word_1_293' title='bbox 648 3572 758 3634; x_wconf 88' lang='lat' dir='ltr'>inducit</span> <span class='ocrx_word' id='word_1_294' title='bbox 779 3571 983 3634; x_wconf 78' lang='lat' dir='ltr'>confusionem.</span> 
     </span>
    </p>
   </div>
   <div class='ocr_carea' id='block_1_5' title="bbox 178 3730 1241 3966">
    <p class='ocr_par' dir='ltr' id='par_1_6' title="bbox 178 3730 1241 4003">
     <span class='ocr_line' id='line_1_38' title="bbox 178 3730 1241 3810; baseline -0.012 -11"><span class='ocrx_word' id='word_1_295' title='bbox 178 3733 209 3804; x_wconf 80' lang='grc'>1)</span> <span class='ocrx_word' id='word_1_296' title='bbox 226 3733 272 3788; x_wconf 75' lang='grc' dir='ltr'>ΒΟ</span> <span class='ocrx_word' id='word_1_297' title='bbox 293 3735 495 3807; x_wconf 61' lang='lat' dir='ltr'>llmdo&#39;qua</span> <span class='ocrx_word' id='word_1_298' title='bbox 514 3769 543 3780; x_wconf 96' lang='lat'><em>-</em></span> <span class='ocrx_word' id='word_1_299' title='bbox 564 3740 596 3808; x_wconf 79' lang='lat'>2)</span> <span class='ocrx_word' id='word_1_300' title='bbox 619 3755 737 3810; x_wconf 85' lang='lat' dir='ltr'>corpus</span> <span class='ocrx_word' id='word_1_301' title='bbox 761 3739 887 3800; x_wconf 84' lang='lat' dir='ltr'>Domini</span> <span class='ocrx_word' id='word_1_302' title='bbox 905 3737 954 3791; x_wconf 90' lang='lat' dir='ltr'>add</span> <span class='ocrx_word' id='word_1_303' title='bbox 972 3739 1002 3792; x_wconf 91' lang='lat' dir='ltr'>D.</span> <span class='ocrx_word' id='word_1_304' title='bbox 1022 3767 1052 3780; x_wconf 90' lang='lat'><em>-</em></span> <span class='ocrx_word' id='word_1_305' title='bbox 1070 3735 1100 3804; x_wconf 87' lang='grc'>3)</span> <span class='ocrx_word' id='word_1_306' title='bbox 1115 3734 1134 3787; x_wconf 82' lang='grc' dir='ltr'>Α</span> <span class='ocrx_word' id='word_1_307' title='bbox 1152 3730 1178 3782; x_wconf 69' lang='lat' dir='ltr'>ll</span> <span class='ocrx_word' id='word_1_308' title='bbox 1240 3795 1241 3802; x_wconf 9' lang='grc' dir='ltr'>χ</span> 
     </span>
     <span class='ocr_line' id='line_1_39' title="bbox 227 3799 1241 3880; baseline -0.014 -15"><span class='ocrx_word' id='word_1_309' title='bbox 227 3806 411 3863; x_wconf 82' lang='lat' dir='ltr'>civitatem.</span> <span class='ocrx_word' id='word_1_310' title='bbox 426 3835 458 3847; x_wconf 89' lang='lat'>-·</span> <span class='ocrx_word' id='word_1_311' title='bbox 472 3807 535 3876; x_wconf 67' lang='lat' dir='ltr'>oo</span> <span class='ocrx_word' id='word_1_312' title='bbox 552 3807 830 3880; x_wconf 67' lang='lat' dir='ltr'>adurere-5Jltb</span> <span class='ocrx_word' id='word_1_313' title='bbox 846 3809 1056 3865; x_wconf 80' lang='lat' dir='ltr'>confortatur</span> <span class='ocrx_word' id='word_1_314' title='bbox 1070 3808 1099 3860; x_wconf 86' lang='lat' dir='ltr'>iu</span> <span class='ocrx_word' id='word_1_315' title='bbox 1114 3799 1177 3856; x_wconf 77' lang='lat' dir='ltr'>iida-</span> <span class='ocrx_word' id='word_1_316' title='bbox 1240 3817 1241 3838; x_wconf 63' lang='lat' dir='ltr'>l</span> 
     </span>
     <span class='ocr_line' id='line_1_40' title="bbox 228 3874 596 3966; baseline -0.004 -38"><span class='ocrx_word' id='word_1_317' title='bbox 228 3902 261 3912; x_wconf 91' lang='grc'>-</span> <span class='ocrx_word' id='word_1_318' title='bbox 279 3875 312 3943; x_wconf 82' lang='lat' dir='ltr'>e]</span> <span class='ocrx_word' id='word_1_319' title='bbox 329 3874 416 3966; x_wconf 74' lang='lat' dir='ltr'>ACDP</span> <span class='ocrx_word' id='word_1_320' title='bbox 433 3876 596 3945; x_wconf 85' lang='lat' dir='ltr'>rependit.</span> 
     </span>
    </p>
   </div>
   <div class='ocr_carea' id='block_1_6' title="bbox 1232 4047 1240 4224">
    <p class='ocr_par' dir='ltr' id='par_1_7' title="bbox 1232 4047 1240 4224">
     <span class='ocr_line' id='line_1_41' title="bbox 1232 4047 1240 4224; baseline 0 0"><span class='ocrx_word' id='word_1_321' title='bbox 1232 4047 1240 4224; x_wconf 84' lang='lat' dir='ltr'>l</span> 
     </span>
    </p>
   </div>
   <div class='ocr_carea' id='block_1_7' title="bbox 0 0 1261 4254">
    <p class='ocr_par' dir='ltr' id='par_1_8' title="bbox 0 0 1261 4254">
     <span class='ocr_line' id='line_1_42' title="bbox 0 0 1261 4254; baseline 0 0"><span class='ocrx_word' id='word_1_322' title='bbox 0 0 1261 4254; x_wconf 95' lang='lat' dir='ltr'> </span> 
     </span>
    </p>
   </div>
  </div>
 </body>
</html>
