2512 4254
309 297 364 358 oa
384 289 569 359 nrvsnsrs
591 291 825 358 vaonmos.
949 261 954 280 ⁴
1041 292 1080 356 er

61 415 167 496 Duplex
186 417 440 497 estretgtosonm
461 415 614 494 crucifixio,
634 416 757 478 hominis
776 417 918 477 interimis
938 435 990 494 per
1010 417 1083 478 elie·

58 523 118 564 nam
138 508 369 582 compassionem,
396 511 425 566 et
444 505 566 565 hominis
588 504 733 564 exterioris
752 521 806 580 per
825 505 970 580 propriam
991 507 1084 564 earnis

58 591 302 654 mortificationem.
343 593 422 653 Crux
440 591 542 652 dlcitur
562 609 581 650 a
602 593 737 650 muclatu.
780 589 857 650 Crux
878 592 1084 652 monachorum

57 679 124 756 rigor
146 679 252 740 ordinis
274 685 332 755 est,
352 686 415 739 tum
435 685 551 755 propter
571 675 683 755 vigilius
705 685 733 736 et
754 679 906 752 orationes,
925 684 986 737 tum
1014 697 1083 756 pro·.

56 771 112 841 pter
130 767 236 833 ieiunia
264 772 293 826 et
321 768 535 844 castigationes,
562 770 624 824 tum
644 771 760 842 propter
781 763 923 824 silentium
948 771 977 826 et
998 783 1085 843 opera

57 869 201 928 monum,
228 859 290 912 tum
320 859 437 930 propter
465 853 556 912 camis
578 853 780 912 continentiam
802 857 831 910 et
851 853 1085 913 vestimentorum

57 941 185 1016 stratique
215 937 354 999 duritiam.
398 939 455 1016 Qui
483 946 580 998 autem
608 945 675 998 sunt
697 937 814 1013 Christi,
842 940 891 1014 qui
913 955 979 998 cum
1000 938 1084 1017 Apo-

57 1023 121 1086 stclo
142 1025 238 1086 dicere
266 1032 400 1102 possunt:
431 1025 545 1085 Christo
568 1025 674 1102 confici
696 1043 798 1085 sumus
819 1021 948 1103 emaum·
970 1043 1085 1088 eemem

57 1129 131 1173 suam
153 1111 361 1190 erucifixerunt,
381 1111 411 1172 id
433 1119 476 1174 est
497 1113 574 1172 eruci
595 1111 753 1186 affixerunt,
775 1129 841 1172 cum
861 1114 937 1190 vitiis
958 1131 1085 1190 operum,

58 1205 83 1258 et
105 1202 338 1276 concupiscentiis
361 1199 565 1259 desideriorum
586 1205 757 1276 pugnantes.
797 1197 860 1258 Nec
880 1208 1026 1275 ponuntur
1045 1201 1086 1262 illi

58 1283 108 1346 duo
133 1288 252 1364 genitivi
272 1285 396 1364 plurales
416 1285 682 1359 instrumentaliter,
714 1283 766 1345 sed
787 1288 917 1361 passive,
950 1305 984 1348 eo
1007 1287 1085 1364 quod

57 1389 102 1448 per
115 1375 234 1434 virtutes
254 1375 284 1432 in
306 1375 610 1434 camis'maeeratione
631 1371 836 1432 mortificentur
844 1368 874 1452 ²).
917 1373 988 1434 Tres
1011 1375 1086 1438 clevi

59 1460 152 1534 quihus
179 1477 284 1536 corpus
315 1460 449 1520 monachi
477 1461 554 1521 cruci
581 1458 667 1520 debet
695 1475 758 1518 esse
780 1458 912 1535 affixum,
940 1467 998 1522 tres
1019 1469 1086 1524 sunt

58 1549 175 1624 virtutes,
197 1565 249 1625 per
261 1565 333 1623 quas
346 1554 419 1608 teste
440 1545 606 1607 Hierouimo
628 1552 768 1622 martyres
790 1545 956 1621 efficiuntur,
978 1549 1087 1610 sciHcet

60 1631 226 1709 ohedientia,
253 1637 404 1710 patientia,
435 1633 588 1694 humilitas.
630 1631 752 1692 Manum
779 1632 912 1692 monachi
941 1633 1087 1698 dexteram

60 1719 173 1799 configat
207 1719 370 1780 ohedientia
404 1723 465 1780 sine
501 1721 740 1796 murmuratione;
773 1720 915 1780 sinistram
950 1724 1089 1797 patientia

61 1807 113 1866 sine
128 1807 315 1868 simulatione.
359 1805 480 1868 Clavum
498 1803 677 1868 obedientiae
698 1805 826 1882 impellat
846 1822 926 1866 amor
947 1825 1088 1885 supernae

61 1889 200 1972 libertatis,
233 1893 347 1954 clavum
363 1895 522 1972 ⁸patientiae
542 1895 627 1952 timor
646 1910 757 1971 poenae
778 1893 953 1969 gehennalis.
993 1897 1088 1958 Pedes

61 1977 125 2040 illius
144 1999 215 2044 vera
236 1979 381 2042 humilitas
405 1980 542 2058 configat,
562 1987 675 2040 utnon
696 1979 789 2040 solum
810 1980 958 2057 praelatis,
984 1982 1036 2044 sed
1058 1989 1088 2044 et

62 2061 181 2129 iambus
209 2086 241 2130 se
262 2075 380 2146 propter
401 2067 546 2128 Christum
567 2068 712 2143 subiiciat,
742 2073 775 2126 ut
796 2066 889 2127 dicere
909 2073 1000 2144 possit
1021 2087 1087 2132 cum

62 2151 218 2216 Psalmista:
246 2155 432 2216 Humillotua
459 2171 526 2214 aum
547 2171 760 2230 usquequaque
780 2155 910 2214 Domine
918 2152 950 2229 ³).
1000 2156 1038 2218 Et
1058 2160 1087 2216 in

62 2237 110 2300 alio
129 2239 208 2304 loco:
229 2243 400 2317 Imposuieti
415 2242 544 2300 lumniosa
558 2258 646 2316 super
659 2245 759 2316 cupito
769 2237 913 2318 uostross.
952 2241 1020 2302 Duo
1032 2262 1087 2320 pe·

63 2323 113 2402 des,
129 2327 235 2406 duplex
256 2336 300 2389 est
321 2329 462 2406 superbie,
483 2330 587 2388 mentis
608 2327 716 2388 scilieet
737 2333 765 2388 et
786 2331 921 2403 eorporis.
962 2330 1001 2389 Et
1021 2331 1088 2392 licet

62 2416 186 2492 superbia
212 2422 301 2492 eaput
328 2418 365 2474 sit
392 2417 519 2475 omnium
546 2417 695 2490 vitiorum,
723 2430 781 2473 non
808 2421 905 2475 tamen
931 2418 1088 2496 incongme

62 2515 106 2574 per
124 2503 212 2580 pedes
234 2505 284 2580 qui
303 2499 446 2582 iniimee⁶)
474 2507 541 2560 sunt
560 2507 657 2577 partes
678 2503 818 2578 serpens,
840 2503 1012 2579 quandoque
1034 2505 1086 2566 de-

62 2587 188 2664 signatur.
231 2587 317 2666 Quod
338 2585 413 2650 enim
434 2587 519 2648 valde
540 2587 652 2648 odimus
674 2596 703 2647 et
725 2588 904 2664 despicimus,
927 2590 983 2656 hoc
1004 2593 1087 2669 pedi-

63 2669 110 2733 bus
137 2677 345 2738 conculcamus
388 2675 472 2736 Unde
492 2674 584 2736 Josue
604 2674 669 2734 tiliis
688 2675 793 2751 Israel,
825 2684 858 2735 ut
880 2677 954 2736 colla
973 2679 1086 2756 Regum

63 2759 196 2826 coement
222 2756 403 2841 praecepit⁶).
456 2759 658 2822 NOVICIUS:
687 2761 765 2822 Setis
792 2763 861 2820 mihi
887 2763 982 2838 placet
1010 2766 1088 2842 quod

63 2843 138 2926 dieis3
169 2867 246 2910 nune
277 2849 405 2910 residuas
438 2847 608 2911 Dominicee
636 2851 778 2925 pessimis
806 2851 929 2910 visiones
958 2851 1088 2926 explens.

63 2930 286 2998 llONACHUS:
311 2935 396 3012 Quod
409 2935 551 2996 Dominus
572 2952 655 2996 suam
676 2937 840 3011 passionem
860 2953 936 2996 nunc
957 2937 995 2997 ad
1017 2956 1089 3000 con·

63 3019 231 3100 solutionem,
249 3040 328 3084 nune
348 3022 386 3084 ad
407 3025 615 3101 eorreptiqnem
634 3023 716 3084 iustis
737 3021 884 3099 ostendat,
910 3032 1024 3099 praesto
1046 3035 1091 3090 est

63 3109 225 3190 exemplum.

80 3239 108 3310 1)
124 3243 203 3297 Galat.
221 3243 247 3309 2,
266 3241 307 3295 19.
327 3273 359 3284 -
377 3241 410 3312 2)
428 3243 517 3296 Hamil.
535 3243 603 3295 ined.
621 3241 686 3314 „cut
704 3257 755 3295 non
767 3243 880 3311 sequitur
889 3242 1015 3298 Christum
1033 3263 1092 3302 eru-

7 3309 12 3325 ·
125 3329 178 3366 uem
196 3329 267 3365 suem
285 3312 397 3382 quotidie
415 3313 543 3378 tollendo,
567 3313 593 3365 id
611 3320 650 3364 est
669 3328 770 3364 curnem
788 3314 947 3380 macerando,
964 3332 1015 3368 non
1033 3327 1093 3385 pot-

126 3385 241 3436 ectetas
268 3397 325 3434 esse
344 3382 489 3450 discipulus,
525 3382 573 3448 Qui
591 3392 675 3436 eutem
692 3381 785 3436 Christi
802 3391 870 3447 sunt,
887 3393 915 3437 ut
932 3387 1092 3454 eithpcsto-

126 3451 179 3516 lus',
202 3468 301 3504 curnem
324 3467 394 3504 suam
418 3453 593 3504 erucifixerunt
616 3469 673 3504 cum
689 3453 758 3504 vitiis
776 3461 803 3504 et
820 3456 1045 3522 concupiscentiis,
1067 3457 1094 3509 id

127 3530 165 3574 cst
183 3538 239 3573 eum
258 3522 376 3588 operibus
394 3531 420 3573 et
437 3521 577 3576 desideriis.
600 3523 666 3575 Crux
684 3522 774 3574 dicitur
785 3538 799 3574 a
811 3523 932 3589 cruciatu,
950 3527 1095 3594 significans

127 3590 230 3644 alieuius
253 3591 347 3643 ordinis
372 3594 541 3660 asperitatem.
576 3592 625 3656 Qui
642 3601 725 3644 autem
743 3591 835 3645 Christi
854 3603 927 3658 sunt,
952 3595 1045 3663 vigiliis
1069 3604 1096 3647 et

127 3662 234 3722 ieiuniis,
251 3661 345 3730 frigore
363 3670 389 3714 et
406 3661 529 3724 nuditate,
546 3660 673 3715 laboribus
692 3670 718 3713 et
735 3663 878 3727 aerumnis,
899 3679 1000 3716 carnem
1025 3681 1095 3716 suem

129 3729 177 3782 sihi
196 3738 254 3792 unt,
278 3739 303 3784 et
321 3729 381 3784 vitia
400 3747 456 3788 eum
475 3733 699 3802 concupiscentiis,
721 3731 748 3784 in
766 3747 793 3784 se
812 3734 902 3784 restrin
922 3731 992 3783 unt.“
1012 3763 1042 3773 -
1062 3733 1095 3800 3]

129 3747 270 3867 indite,
288 3803 346 3855 107.
366 3831 396 3842 -
417 3803 450 3871 l)
468 3801 531 3855 Psel.
550 3801 598 3869 65,
616 3804 657 3856 12.
677 3831 708 3842 -
729 3803 760 3870 5)
777 3801 842 3855 nur
859 3803 891 3853 in
904 3749 988 3866 dinc,
1011 3801 1032 3856 B
1050 3805 1097 3854 in-

129 3871 222 3926 lirtui.
241 3903 272 3913 -
291 3873 322 3943 6)
339 3871 391 3926 loe.
412 3874 453 3938 to,
470 3873 512 3926 24.

745 4048 749 4062 .
814 3947 837 4016 5
