2512 4254
180 233 241 290 ιιι
494 227 721 314 uusvmcvro
744 227 908 294 oonsvs

176 349 329 428 Baptista?
348 347 398 410 Ad
412 350 490 427 quod
508 351 559 412 illa
579 353 641 412 sine
662 355 739 412 omni
760 339 965 415 deliberatione
985 353 1140 432 respondit:
1158 355 1201 418 De

176 443 278 498 sancto
311 435 460 515 Johanue,
486 438 522 498 de
549 445 649 499 sancto
678 438 821 501 Johtune.
870 439 1000 517 Cumque
1028 441 1068 502 ad
1087 447 1201 505 exbems

176 521 368 601 pervenisset,
397 542 547 601 compassa
574 529 664 586 sorori
692 527 747 586 sibi
775 529 921 603 servienti,
943 531 999 588 ait:
1028 529 1110 590 Vade
1130 546 1201 590 soror

177 629 264 688 super
285 612 435 688 solarium,
457 620 486 672 et
507 614 622 688 quiesce
643 613 796 674 modicum.
840 613 925 690 Quod
948 632 1014 677 cum
1034 615 1157 693 fecisset,
1174 623 1200 678 et

178 695 262 779 levi1)
298 716 401 776 sopore
438 696 640 780 quiesceret²),
672 699 837 760 huiusmodi
864 718 967 762 vocem
994 719 1047 779 per
1082 705 1200 764 somnum

177 786 299 847 audivit:
324 787 400 862 Quid
420 786 467 845 hio
488 785 586 846 iaces?
629 787 753 846 Sanctus
774 787 924 850 Jobannes
944 790 1078 866 Baptista
1097 791 1199 851 inierim

176 879 221 933 est
251 891 328 934 cum¹
357 889 454 932 sorore
488 872 678 949 Hildegtmdc.
728 873 794 934 Hoc
830 874 871 934 illi
902 891 1008 936 nomen
1044 883 1112 938 erat
1157 876 1199 936 sl

176 978 264 1037 quam
284 976 387 1020 vocem
407 960 628 1040 sanctimonialis
649 961 856 1038 expergefacta,
876 962 1015 1040 neglectis
1034 965 1157 1027 vestibus
1173 965 1200 1022 in

176 1049 294 1107 camisia
326 1046 487 1120 descendit,
519 1053 548 1106 et
579 1039 637 1106 iam
668 1047 747 1106 illam
775 1051 935 1124 exspirasse
963 1053 1081 1119 invenit
1129 1051 1199 1112 cira

176 1152 263 1210 quam
284 1141 344 1194 tam
357 1135 544 1192 suavissimus
566 1133 636 1193 odor
658 1139 725 1208 erat,
746 1141 779 1193 ut
798 1153 856 1194 non
870 1135 1014 1204 dubitaret
1033 1133 1091 1198 illic
1110 1137 1200 1198 adone

174 1222 364 1297 praesentiam
376 1222 468 1279 sancti
480 1219 629 1296 Johannis‚
651 1223 699 1296 qui
713 1224 838 1280 animam
859 1239 929 1282 suae
943 1223 1101 1285 ⁴dilectricis
1118 1225 1199 1284 eboris

174 1309 295 1368 sociaret
316 1307 459 1383 angelicis.
492 1307 635 1372 'Narravit
656 1307 725 1366 mihi
746 1315 775 1367 et
795 1308 883 1368 aliam
903 1311 1059 1387 visionem,
1082 1313 1136 1372 ists
1153 1309 1200 1371 sd-

174 1394 232 1453 huc
260 1394 468 1468 incendiosam,
497 1387 584 1469 quam
612 1395 667 1454 sibi
693 1412 711 1455 a
737 1398 875 1472 magistra
897 1395 999 1458 domus
1019 1399 1050 1458 in
1071 1414 1128 1474 qua
1145 1399 1199 1458 visa

175 1486 219 1540 est
239 1478 357 1546 dicebat
375 1497 438 1541 esse
458 1483 615 1544 recitatam.

302 1675 304 1680 ’
419 1709 423 1715 «
531 1671 765 1734 CAPITULUM
788 1671 839 1733 LI.

195 1793 243 1853 De
265 1793 382 1853 duobos
402 1793 579 1852 monialibus
595 1767 834 1853 contendentibus
850 1811 911 1869 pro
932 1803 1036 1856 coemto
1049 1795 1180 1858 Jobsnne

453 1881 593 1956 Baptista
619 1887 710 1956 amne
730 1879 930 1957 annpclisto.
1000 1921 1025 1970 0

236 1998 322 2061 Duae
343 2001 573 2062 sanctimoniales
595 2002 683 2077 suere,
705 2008 733 2060 et
754 2002 849 2062 adhuc
870 2008 938 2062 sunt
958 2010 992 2062 ut
1012 2010 1083 2080 puto
1103 2006 1131 2064 iu
1144 2003 1197 2064 Lu·

172 2084 261 2167 terei)
290 2091 461 2149 monasterio
483 2089 631 2149 Dioeccsis
653 2089 850 2164 'treverensis
880 2107 915 2148 ex
937 2091 1042 2166 quibus
1063 2109 1120 2152 una
1139 2106 1197 2167 spe-

52 2206 54 2214 1
121 2212 123 2216 -
173 2175 281 2235 cialiter
308 2164 445 2252 diligebat
472 2183 604 2235 sanctum
630 2174 793 2236 Johanuem
819 2177 994 2253 Baptistam,
1023 2177 1114 2239 altera
1138 2191 1196 2236 vero

172 2270 303 2323 sanctum
329 2262 493 2322 Johannem
519 2262 741 2338 Evangelistam.
762 2263 764 2267 ’
785 2262 866 2339 Quae
895 2266 1027 2339 quotiens
1056 2265 1197 2326 convenie-

172 2350 251 2424 bant,
260 2351 333 2408 inter
344 2365 375 2408 se
390 2349 425 2409 de
440 2349 552 2408 illorum
569 2351 729 2408 maioritate
744 2351 962 2426 contendebant,
975 2354 1016 2410 ita
1028 2358 1062 2412 ut
1075 2354 1198 2429 magistra

172 2435 344 2511 quaudoque
365 2438 414 2495 vix
434 2443 532 2512 posset
554 2454 602 2495 eas
625 2453 814 2512 compescere.
856 2437 911 2496 Illa
932 2440 1028 2498 omnia
1050 2437 1141 2500 dilecti
1160 2436 1198 2496 sui

171 2519 375 2602 praevilegia⁴)
395 2525 424 2580 in
445 2523 572 2582 medium
593 2515 778 2599 proponebat,
800 2524 845 2582 cui
866 2527 922 2584 ista
942 2527 987 2583 sui
1009 2525 1104 2586 dilecti
1122 2540 1197 2601 prae·

171 2609 307 2687 negativis
337 2609 430 2675 valide
452 2612 521 2668 satis
543 2611 681 2670 obviabat
690 2605 719 2690 ⁵).
761 2609 853 2670 Nocte
876 2610 1002 2686 quadam
1023 2620 1091 2672 ante
1111 2618 1195 2671 matu-

170 2698 246 2758 tinas
278 2704 393 2756 sanctus
424 2696 573 2756 lohannes
605 2697 738 2776 Baptista
769 2714 840 2756 suae
873 2695 1009 2758 dilectrici
1040 2702 1071 2758 in
1101 2698 1196 2760 somnis

171 2801 320 2860 apparens,
341 2787 382 2846 sio
403 2785 454 2843 ait:
476 2783 578 2857 Soror,
599 2786 712 2843 noveris
732 2791 864 2844 sanctum
885 2783 1051 2845 Johannem
1070 2785 1195 2861 Evange-

170 2869 266 2929 listam
285 2889 331 2930 me
351 2874 496 2931 maiorem.
518 2869 673 2944 Nunquam
700 2870 786 2929 homo
817 2873 921 2930 castior
940 2871 994 2931 fuit
1019 2872 1085 2949 illo,
1112 2875 1195 2932 mente

170 2957 255 3034 simul
269 2964 298 3016 et
312 2975 430 3034 corpore
444 2960 532 3033 virgo.
575 2956 674 3032 Ipsum
690 2957 818 3016 Christus
833 2957 870 3016 ad
884 2956 1089 3034 Apostolatum
1106 2959 1194 3035 elegit;

169 3044 264 3116 ipsum
277 3039 376 3102 ceteris
387 3044 533 3122 Apostolis
545 3043 609 3119 plus
617 3043 732 3121 ‘dilexit3
743 3046 797 3120 ipsi
810 3045 930 3120 gloriam
940 3061 1010 3106 suae
1021 3045 1194 3124 nmsfigurc·

170 3131 254 3186 tionis
266 3130 397 3188 ostendit.
435 3133 502 3208 Ipse
516 3132 696 3190 beatissimus
708 3133 737 3188 iu
751 3136 866 3206 pectore
880 3130 902 3190 J
903 3149 954 3190 esu
967 3135 998 3190 in
1012 3131 1109 3193 Coena
1122 3147 1195 3192 recu·

170 3213 245 3290 buit3
258 3217 320 3291 ipse
330 3219 459 3276 morienti
470 3221 569 3292 astitit3
580 3219 635 3294 ipsi
645 3219 745 3293 virgini
757 3218 976 3295 Christusvirgo
986 3226 1106 3279 matrem
1116 3218 1194 3294 virgi·

169 3301 236 3362 nem
258 3303 475 3361 commendavit.
517 3305 583 3378 Ipse
607 3307 707 3362 ceteris
728 3304 919 3381 Evangelistis
940 3304 1026 3365 altius
1047 3307 1152 3380 volsus,
1170 3307 1194 3361 et

171 3389 268 3449 oculos
297 3391 398 3446 mentis
426 3392 454 3447 iu
477 3396 568 3448 rotam
591 3390 744 3448 divinitatis
765 3390 875 3464 plenius
898 3391 1042 3469 defigens,
1070 3393 1193 3467 Evange-

169 3477 239 3536 lium
267 3493 350 3534 suum
379 3477 420 3533 sic
450 3492 566 3534 exorsus
595 3481 650 3533 est:
672 3475 711 3532 In
734 3481 881 3551 pnncipio
911 3486 977 3538 crat
1005 3479 1145 3550 Verbum,
1170 3481 1193 3533 et

170 3570 273 3624 cetera.
316 3561 435 3636 Scripsit
448 3567 476 3618 ot
486 3553 708 3634 'Apocalypsin
722 3577 779 3633 qua
799 3562 870 3619 nihil
881 3566 912 3622 in
925 3565 1097 3627 coelestibus
1107 3563 1192 3643 figuris

190 3732 221 3802 1)
240 3730 260 3783 C
278 3730 350 3780 leni.
370 3757 398 3767 -
426 3727 457 3794 2]
481 3727 501 3778 B
519 3727 754 3792 requiesceret.
774 3755 805 3766 -
830 3728 863 3796 3)
879 3729 922 3782 ΑΡ
944 3731 1091 3801 Lucem-0,
1107 3731 1127 3786 0
1146 3731 1192 3784 po.

238 3809 338 3854 ctore.
356 3827 387 3837 -
407 3797 438 3866 4)
456 3793 541 3848 ACDP
559 3792 743 3861 privilegia.
763 3823 794 3834 -
813 3797 845 3864 5)
862 3797 884 3850 n
901 3799 1062 3858 obviavit·
