2512 4254
289 271 345 332 nn
362 270 548 334 xservanus
569 267 805 332 visronraus
980 231 1065 329 ¹rra

53 393 182 454 obscurius
204 399 256 453 est
297 393 426 452 Plurima
440 395 526 452 etiam
540 408 591 469 pro
608 391 719 452 Christo
736 408 839 466 passus
856 397 899 450 est
919 397 1069 471 tormenta,

53 479 157 558 flagella,
175 480 289 540 fervens
304 480 407 557 oleum,
429 477 520 538 exilia
551 480 627 538 Ecce
648 484 765 554 propter
784 480 840 536 ista
861 483 890 537 et
910 478 966 538 alia
979 479 1070 540 multa

53 585 97 628 sua
106 563 120 647 1)
138 567 312 644 praevilegia
325 569 415 634 maior
436 573 480 624 est
500 584 547 624 mo
569 571 598 626 et
612 563 730 641 dignior.
762 563 850 623 Mane
870 581 938 642 ergo
953 565 1068 646 voces2)

53 671 162 714 sororem
181 659 262 714 trram
283 659 350 713 ante
371 655 549 730 magistram,
579 657 609 712 et
628 651 778 727 procidens
800 656 866 710 ante
887 651 975 727 pedes
996 654 1070 714 illius

54 747 108 817 pete
126 748 157 801 ut
169 743 301 818 ignoscat
320 742 380 815 tibi,
402 738 480 815 quod
495 741 598 799 totiens
621 755 684 797 earn
699 738 876 798 exacerbasti
896 742 952 798 mei
975 757 1070 800 causa

54 827 122 904 Quae
132 827 167 888 ad
188 829 270 906 signa
297 826 475 886 matutinalia
495 825 706 902 expergefacta,
729 825 764 884 de
785 830 845 884 tam
866 825 943 884 clara
964 829 1071 888 visione

55 917 164 991 cogitare
193 915 295 990 coepit.
336 913 428 973 Dictis
450 929 518 972 vero
540 914 699 985 matutinis,
728 930 793 971 cum
815 929 845 971 se
867 911 957 971 altera
977 917 1077 989 sopori

55 999 177 1077 dedisset,
204 1007 321 1062 sauctus
342 999 490 1060 Johaunes
511 998 697 1074 Evangelista
724 1015 774 1074 per
802 1001 895 1058 visum
918 999 1011 1074 alluit,
1045 1010 1073 1060 et

55 1087 99 1148 ni
127 1106 211 1149 sensu
238 1088 392 1147 verborum
418 1086 522 1145 horum
549 1103 631 1144 suam
659 1085 799 1144 allocutus
821 1092 865 1144 cst
887 1086 1073 1147 dilectricem:

56 1173 137 1250 Soror,
156 1177 229 1234 scias
249 1175 368 1234 beatum
388 1172 551 1233 Johannem
565 1172 734 1248 Baptistam,
746 1171 831 1248 longe
852 1176 989 1251 maiorem
1011 1192 1073 1234 esse

56 1278 101 1320 ne.
138 1262 219 1325 Iota
230 1268 318 1320 natos
332 1263 498 1333 mulierum,
520 1264 592 1318 teste
607 1259 728 1334 Christo,
743 1276 804 1317 aon
825 1265 955 1320 surrexit
976 1266 1074 1334 nautor

56 1345 137 1421 illm).
176 1347 244 1424 Ipse
264 1346 411 1423 Propheta
439 1342 530 1426 esti),
559 1352 588 1406 et
614 1345 679 1422 plus
708 1363 795 1420 quam
820 1346 974 1422 Propheta.
1024 1348 1072 1410 Ab

56 1433 144 1512 angelo
172 1442 216 1495 est
243 1436 445 1508 annunciatus,
474 1451 493 1492 a
513 1432 600 1492 sterili
619 1439 711 1492 matre
733 1437 830 1492 eontra
850 1440 982 1494 naturam
1004 1453 1075 1494 con-

58 1527 157 1598 ceptus,
176 1523 205 1580 in
226 1527 307 1580 utero
330 1537 418 1596 supra
438 1523 570 1578 naturam
590 1519 799 1593 sanctificatus,
826 1521 856 1576 in
877 1520 992 1580 heremo
1015 1525 1075 1582 sine

58 1609 123 1666 omni
141 1614 257 1685 peccato
280 1613 474 1667 conversatur.
518 1604 603 1682 Quod
626 1606 661 1665 de
682 1624 729 1665 me
751 1604 806 1666 dici
827 1623 885 1665 non
904 1614 1006 1683 potest,
1028 1612 1077 1685 qui

58 1693 130 1754 lucris
157 1693 283 1770 inhians,
315 1696 387 1753 inter
419 1692 579 1752 saeculares
611 1693 765 1754 saecularis
797 1693 980 1753 saeculariter
1010 1698 1077 1754 vixi.

59 1779 218 1842 Salvatorem
247 1797 333 1856 quem
353 1783 383 1839 in
403 1787 484 1840 utero
506 1782 623 1856 agnovit
634 1777 671 1860 ⁵),
699 1782 771 1838 inter
792 1780 891 1838 turbas
913 1781 950 1839 ad
972 1777 1002 1840 se
1024 1799 1077 1842 ve-

59 1868 167 1927 nientem
201 1867 290 1946 digito
320 1867 539 1941 demonstravit,
579 1872 608 1926 et
634 1869 664 1924 in
685 1866 813 1926 Jordanc
836 1869 923 1926 sacris
945 1871 1077 1930 manibus

60 1953 206 2030 baptizarit.
248 1954 316 2031 Ipse
338 1953 434 2015 coelos
448 1953 518 2014 vidit
531 1960 653 2030 apertos,
675 1953 791 2013 Patrem
808 1953 927 2013 audiens
947 1959 978 2014 in
997 1973 1079 2032 voce,

60 2039 149 2102 Filium
168 2041 269 2102 videns
289 2044 319 2100 in
346 2040 470 2115 homine,
490 2041 626 2116 Spiritum
648 2047 778 2100 sanctum
800 2043 828 2100 in
850 2044 945 2117 specie
968 2042 1078 2103 colum-

61 2126 115 2188 bae
152 2128 281 2190 Tandem
309 2145 360 2204 pro
381 2129 490 2186 iustitia
509 2129 708 2204 martyrizatus
730 2134 781 2187 est.
823 2129 900 2205 Ergo
923 2148 968 2189 me
989 2133 1080 2190 maior

62 2219 106 2273 est
140 2214 222 2276 Unde
242 2215 329 2274 hodie
350 2230 454 2274 vocare
476 2214 564 2274 debes
578 2231 704 2273 sororem
725 2221 806 2275 tuam
826 2220 892 2274 ante
914 2219 1080 2294 magistram

62 2306 143 2377 nan,
156 2309 158 2318 ⁴
170 2309 198 2362 et
218 2307 396 2379 prosternere
417 2307 446 2360 te
466 2297 588 2381 pedibus
608 2301 698 2376 illius,
720 2304 818 2376 sicque
841 2319 904 2362 eam
925 2321 1027 2380 rogare
1048 2311 1081 2363 ut

63 2385 106 2446 tibi
122 2390 262 2465 ignoscat,
292 2386 370 2465 quod
391 2391 493 2447 totiens
514 2387 592 2447 illam
615 2389 805 2465 exacerbasti,
837 2406 883 2448 me
906 2393 1082 2450 contentiose

62 2472 227 2536 Praecursori
244 2475 362 2536 Domini
387 2474 580 2551 praeferendo.
628 2475 716 2534 Mane
738 2474 928 2557 singillatim)
957 2477 995 2537 ad
1016 2496 1081 2537 ma-

64 2561 165 2635 gistram
184 2565 311 2635 veniunt,
333 2561 402 2638 quid
421 2563 543 2622 viderint
557 2569 709 2636 exponunt.
753 2563 834 2623 Tunc
855 2564 940 2622 simul
960 2584 991 2625 se
1012 2582 1082 2641 pro·
1136 2553 1138 2575 '

64 2651 213 2725 sternentes,
235 2657 264 2709 et
284 2650 322 2711 ab
343 2651 465 2708 invicem
485 2655 518 2707 ut
540 2651 580 2708 eis
601 2651 708 2709 iussum
732 2649 825 2710 suerat
845 2654 959 2710 veniam
979 2658 1083 2726 postu-

65 2731 157 2812 lantes,
182 2735 324 2796 mediante
353 2741 442 2795 matre
464 2735 603 2812 spirituali
623 2737 820 2796 reconciHatae
841 2744 922 2812 sunt,
950 2744 1084 2797 monente

67 2817 106 2880 lla
124 2839 156 2882 ne
187 2823 222 2888 de
251 2829 345 2883 cetero
374 2820 410 2882 de
438 2825 545 2882 meritis
566 2829 730 2883 sanctorum
759 2823 977 2899 contenderent,
1009 2841 1084 2899 quae

67 2905 136 2989 soh')
163 2909 226 2970 Deo
247 2917 317 2970 nota
337 2915 412 2968 sunt.
454 2908 657 2970 NOVIOIUS:
687 2910 762 2969 Satis
784 2928 830 2969 me
848 2910 984 2970 aedificat
1005 2918 1085 2972 tanta

68 2993 229 3072 insupernia
252 2997 362 3057 civibus
375 2996 529 3056 humilitas.
571 2995 809 3056 MONACHUS:
831 2996 925 3072 Nulla,
948 3006 1086 3073 quantum

69 3095 97 3137 er
119 3085 256 3158 praesenti
283 3085 393 3143 visione
422 3082 555 3160 colligere
576 3086 696 3159 poteris,
725 3086 754 3142 in
775 3101 863 3160 regno
886 3085 1030 3146 coelorum
1053 3087 1088 3146 de

69 3169 210 3232 mannate
231 3172 424 3247 praemiorum
446 3177 489 3230 est
511 3173 662 3246 contentio,
685 3172 752 3244 quia
774 3171 830 3230 illic
853 3177 925 3232 teste
946 3172 1087 3249 Apostolo

69 3258 146 3316 omis
175 3259 332 3318 evacuatur
362 3257 499 3333 praelatio
507 3253 538 3337 8).
589 3257 654 3317 Hoc
683 3264 780 3316 tamen
808 3261 882 3318 scias
911 3261 988 3335 quod
1017 3264 1090 3320 sicut

69 3341 134 3404 cives
160 3346 274 3420 superni
301 3345 417 3420 visitant
445 3360 510 3402 cnm
538 3342 629 3404 multa
661 3344 853 3404 consolatione
874 3363 905 3406 ae
928 3347 1088 3424 diligentes,

68 3427 288 3508 loquendoque
310 3448 376 3490 cum
396 3432 557 3492 invectione
580 3437 609 3489 et
629 3430 721 3508 plagis
743 3449 775 3491 se
799 3440 1019 3493 contemnentes.

86 3699 147 3770 01)
168 3705 229 3758 alia
253 3721 310 3758 sna
332 3705 447 3770 multa,
465 3704 507 3758 BC
526 3704 590 3758 alia
615 3705 724 3758 multa.
748 3737 779 3745 -
804 3707 836 3772 2)
855 3706 874 3756 B
893 3719 980 3757 voca.
1006 3732 1036 3741 -
1063 3705 1094 3770 3)

130 3773 212 3826 harda
232 3777 274 3838 11,
293 3776 334 3828 11.
354 3805 384 3815 -
404 3776 436 3843 t)
454 3785 505 3828 est
524 3774 573 3827 add
589 3775 618 3827 B.
639 3805 669 3815 —
689 3777 720 3843 5]
739 3774 779 3827 BP
796 3775 961 3841 cognovit.
976 3800 1006 3809 -
1026 3772 1057 3838 6]
1074 3771 1094 3823 B
1186 3762 1189 3768 ’

119 3837 330 3914 singulatim.
344 3875 374 3886 -
387 3845 455 3913 731)
474 3844 558 3909 solo,
576 3853 605 3895 ut
622 3845 641 3910 l,
660 3845 702 3896 42.
717 3875 745 3884 —
761 3844 793 3911 8)
812 3843 870 3894 Cor.
885 3841 956 3905 l,l5,
974 3838 1016 3934 ll.
