2524 4252
293 219 362 333 ‘on
382 267 565 333 rurumo
586 269 851 332 uosruorruur
1030 265 1093 330 ssr

421 461 655 523 CAPITULUM
675 461 741 520 LII.

285 587 333 645 Dc
354 593 450 646 morte
473 586 692 644 sibcoderiei.et
716 560 869 644 Goutbcrr'.

128 706 199 767 Tres
220 707 340 766 iuvenes
362 706 398 767 de
420 709 534 794 civitate
555 707 701 766 Bonnensi
724 707 916 766 conversionis
930 707 1029 782 ,gratis
1057 704 1096 764 ed

66 791 178 854 Nouum
206 793 339 853 Castrum
350 791 368 875 ¹)
402 794 518 854 domum
546 793 650 855 ordinis
677 796 769 852 nostri
796 793 960 866 venientes,
997 808 1096 852 omues

66 879 169 940 ibidem
196 883 304 957 recepti
330 888 404 941 sunt.
459 881 505 940 Ex
540 882 644 956 quibus
678 898 752 940 unus
779 879 988 953 Theodericus,
1023 879 1096 940 ulter

68 965 236 1041 Guntberus,
258 970 358 1027 tertius
371 969 531 1029 uocabatur
545 968 669 1043 Sigerus.
702 967 799 1027 Primo
818 973 939 1040 mortuo,
961 965 1095 1024 Gunthe·

66 1069 114 1112 rus
135 1057 316 1114 reminiscens
337 1057 407 1116 sue'e
432 1055 675 1131 peregrinationis,
700 1060 730 1112 et
751 1071 891 1129 supernae
912 1051 1095 1112 beatitudinis

65 1139 103 1198 od
122 1158 208 1218 quam
230 1159 314 1200 suum
335 1145 470 1202 comitem
491 1143 551 1200 ism
564 1147 699 1201 vocaturn
721 1140 888 1216 crediderat,
910 1138 1036 1216 quotidie
1057 1138 1096 1198 ad

64 1227 136 1288 iilius
157 1227 300 1288 tumulum
320 1229 407 1288 flevit.
450 1228 543 1304 Quem
566 1228 611 1286 die
640 1226 765 1302 quedem
793 1246 851 1287 vox
880 1226 915 1286 de
944 1225 1095 1302 sepulchro

65 1313 109 1372 his
129 1316 224 1374 verbis
246 1314 370 1376 allocuta
384 1321 441 1374 est:
458 1313 613 1374 Consolere
630 1315 725 1388 irster,
747 1313 903 1389 consolare,
924 1316 993 1389 quia
1014 1315 1096 1372 citius

65 1403 161 1461 venies
182 1400 221 1460 ad
237 1419 293 1461 me.
326 1401 413 1461 Cuius
434 1402 546 1462 vultum
568 1419 634 1462 eum
654 1401 757 1460 Abbes
779 1404 888 1460 tristem
910 1407 1046 1475 cerneret,
1068 1405 1097 1461 et

65 1489 192 1548 tristitiae
214 1505 330 1548 censum
351 1490 389 1549 ab
413 1505 446 1548 eo
468 1490 630 1563 requireret,
653 1487 749 1548 stille
772 1488 865 1546 dicere
887 1494 1028 1562 renueret,
1047 1488 1097 1546 rix

64 1575 102 1633 ab
125 1591 159 1634 eo
182 1591 255 1650 quae
278 1576 354 1636 dioto
375 1582 441 1635 sunt
453 1583 622 1650 extorquere
643 1577 744 1650 potuit
786 1574 891 1633 Paucis
913 1574 1013 1634 diebus
1035 1573 1097 1633 els-

64 1663 131 1736 psis,
151 1662 283 1738 precibus
295 1669 328 1721 ut
344 1669 413 1738 puto
436 1661 605 1722 Theoderici
626 1661 749 1736 adiutus,
771 1665 799 1720 et
819 1664 1023 1736 ipsevocatus
1045 1665 1097 1736 est,

63 1747 103 1806 illi
125 1751 292 1808 coniunctus
306 1751 335 1807 in
354 1749 442 1824 coeio,
465 1751 510 1808 oui
533 1766 598 1809 cum
606 1749 704 1807 multis
724 1748 847 1808 lacrimis
869 1734 902 1806 ui
923 1745 1031 1806 dictum
1053 1752 1098 1807 est

63 1837 201 1894 associum
222 1835 393 1896 desideravit
413 1839 441 1894 iu
462 1835 579 1895 mundo.
621 1835 704 1895 Haeo
726 1853 745 1895 a
765 1835 864 1912 Sigero
881 1834 1002 1894 Bonnee
1020 1834 1097 1893 reoi-

63 1929 125 1982 tstc
146 1928 220 1982 sunt.
261 1921 464 1983 NOVICIUS:
492 1923 567 1983 Puto
597 1923 674 1998 quod
703 1939 813 1982 merces
840 1924 980 1982 iustorum
1007 1919 1098 1982 multo

64 2011 152 2068 sitin
174 2009 263 2070 coelo.
305 2009 539 2072 MONACHUS:
569 2010 636 2070 Hoc
663 2011 715 2070 tibi
736 2008 886 2070 ostendam
910 2010 939 2067 in
967 2009 1098 2084 sequenti

63 2095 199 2174 opimo.

418 2285 652 2348 CAPITULUM
672 2287 752 2346 LHL

99 2409 148 2469 De
170 2425 310 2468 converso
332 2413 384 2486 qui
406 2409 481 2470 discit
504 2407 718 2470 &diomedem
742 2409 876 2468 ordinem
897 2411 1063 2469 maximam

376 2496 483 2555 habere
504 2498 631 2574 plocium
649 2500 681 2555 in
702 2497 789 2556 coelo.

133 2616 295 2678 Conversus
312 2617 430 2693 qnidam
442 2621 515 2694 nigri
526 2618 631 2678 ordinis
642 2625 711 2678 ente
723 2635 832 2695 paucos
846 2633 936 2676 annos
950 2616 1099 2678 defunctus

63 2709 118 2766 est
160 2703 218 2764 Die
239 2704 363 2780 quadam
385 2704 497 2764 duobus
518 2705 667 2766 monachis
689 2706 819 2766 coenobii
840 2705 884 2764 sui
911 2705 942 2762 in
970 2702 1099 2762 ocndnvi

62 2789 246 2865 sedentibus,
276 2790 322 2852 iile
352 2793 424 2850 ostio
452 2792 573 2852 latenter
602 2799 701 2869 aperto
729 2793 873 2869 ingressus
902 2797 947 2849 est
973 2789 1010 2848 ad
1040 2806 1098 2848 eos.

62 2879 133 2955 Quo
155 2879 218 2936 viso
240 2895 305 2938 cum
326 2884 511 2954 terrerentru,
539 2882 661 2940 scientes
690 2896 756 2942 cum
784 2884 942 2952 mortuum,
969 2877 1009 2934 sit
1036 2875 1099 2937 ille:

62 2965 280 3041 Cognoscitisne
293 2964 361 3024 me?
403 2965 655 3041 Respondentibus
673 2967 723 3039 eis,
745 2966 817 3025 bene
839 2970 868 3024 te
890 2964 1099 3040 cognoscimus,
1176 3009 1183 3026 .

62 3060 95 3111 tu
120 3067 152 3110 es
173 3050 238 3110 telis
258 3051 344 3110 irater
364 3058 476 3127 noster3
506 3059 660 3129 coeperunt
681 3069 747 3112 eum
766 3055 942 3126 interrogare
963 3047 999 3109 de
1021 3056 1099 3109 statu

62 3137 247 3216 quarundam
259 3141 427 3200 animarum.
459 3138 540 3214 Quos
561 3139 608 3198 ille
629 3139 666 3198 de
686 3137 806 3215 siugulis
828 3136 980 3212 expedivit,
1002 3136 1099 3196 dicens

61 3224 206 3303 quasdem
235 3241 297 3285 esse
325 3225 413 3301 maie,
441 3227 582 3301 quosdam
610 3225 694 3286 valde
722 3225 814 3300 mele,
846 3223 986 3300 quasdam
1012 3225 1099 3284 etiem
1124 3221 1127 3233 '

61 3315 149 3386 berre,
171 3311 310 3386 quasdem
331 3312 520 3382 reddebere.
562 3312 656 3388 Quem
677 3330 744 3372 cum
764 3313 852 3372 etium
876 3313 1099 3387 interrogassent

60 3400 101 3460 de
123 3399 222 3475 griseis
243 3399 406 3475 monachis,
438 3398 599 3476 rospondit:
627 3400 791 3460 Praemium
811 3398 923 3458 illorum
944 3399 1099 3457 maximum

62 3493 119 3560 est,
139 3490 170 3544 et
189 3484 285 3546 lucent
306 3489 380 3546 sicut
393 3486 437 3546 soi
457 3489 487 3546 in
507 3503 595 3562 reguo
619 3486 772 3558 coelorum.
815 3485 898 3546 Haec
919 3484 988 3544 mihi
1009 3483 1099 3543 relate

62 3577 133 3634 sunt
152 3589 172 3632 rr
194 3572 319 3648 quodum
339 3573 457 3636 Abbate
477 3575 552 3650 nigri
572 3573 689 3636 ordinis.
731 3571 936 3634 NOVIOEUS:
954 3571 1031 3630 Huic
1052 3571 1098 3626 vi-

63 3660 139 3721 sioni
160 3659 402 3736 ooucordetquod
416 3661 524 3720 dietum
544 3666 589 3722 est
609 3661 739 3738 superius
756 3663 784 3719 in
807 3659 986 3718 distinctione
1008 3657 1098 3730 septi·

63 3764 115 3808 me
132 3745 263 3822 capitulo
285 3749 521 3824 quiuquagesimo
543 3764 635 3823 norro,
657 3747 707 3808 ubi
728 3745 798 3807 ordo
820 3752 917 3806 noster
936 3743 991 3804 sub
1011 3759 1098 3804 merr-

84 3845 124 3914 1)
133 3842 253 3914 Ncuburg
269 3846 296 3898 iu
313 3844 409 3899 Alsstie
426 3861 506 3914 prope
523 3845 643 3915 oppidum
659 3846 787 3916 dispersu.
