2506 4254
309 265 570 344 DE‘OORPORE
592 263 760 338 curristi,
1002 263 1065 328 215

46 389 138 452 Dicam
158 389 209 452 tihi
231 391 261 450 in
289 389 346 450 tine
373 407 451 451 nunc
465 384 483 470 ¹)
511 389 596 450 huius
624 387 812 448 disdncdonia
840 391 980 463 quantum
1000 385 1067 446 Deo

46 476 158 554 placeat,
179 477 338 538 aimundo
359 483 389 538 et
415 477 535 538 sufflata
562 477 648 553 liant,
676 491 752 552 quae
778 479 859 536 tanto
888 479 1067 537 sacramanto

46 564 137 625 luerint
153 566 324 626 necessaria.

378 751 610 814 CAPITULUM
629 751 724 813 LXV.

64 875 106 934 De
123 875 219 936 hostia
240 893 317 952 quae
347 867 484 934 iti'Belle
505 875 541 933 de
562 873 710 950 amparate·
729 873 858 945 aestivit,
881 871 917 933 ob
938 873 1047 931 vomi·
1150 884 1161 910 ·

357 963 457 1020 aulum
478 964 511 1019 ia
532 979 568 1021 ea
589 962 747 1020 decoctam.

103 1079 182 1142 Circa
214 1081 271 1141 hoe
298 1082 443 1142 biennium
470 1084 551 1141 iuxta
572 1081 721 1142 Coloniam
747 1083 777 1140 in
804 1080 874 1140 villa
894 1096 969 1156 quae
988 1077 1081 1138 Beda

48 1175 169 1244 vocatur,
195 1176 309 1246 gestum
338 1176 382 1229 est
409 1169 486 1245 quod
508 1167 582 1230 dico.
623 1169 680 1228 Die
703 1168 828 1246 quadarn
850 1185 916 1228 cum
936 1166 1071 1227 sacerdos

48 1252 178 1335 nhaam2)
202 1256 369 1331 celebraret,
398 1263 427 1315 et
448 1255 523 1315 dicto
552 1255 710 1332 Evangelio
739 1262 771 1314 ut
791 1254 988 1314 saecularibus
1008 1269 1072 1312 mos

49 1349 100 1418 ast,
125 1345 300 1402 ministrante
321 1342 450 1402 scholare
471 1343 595 1402 hostiam
615 1350 737 1418 patenae
758 1345 966 1418 superpositam
986 1357 1073 1417 super

50 1428 183 1504 corporale
210 1428 349 1510 locasset,
376 1429 426 1488 illa
453 1447 521 1489 mox
548 1430 674 1490 resiluit
716 1429 826 1489 Putans
854 1428 910 1488 hoo
939 1427 1073 1488 sacerdos

51 1531 110 1574 casu
133 1516 288 1596 accidisse,
314 1533 408 1591 neque
424 1517 559 1576 hostiam
580 1518 654 1576 hene
675 1516 815 1590 locatam,
835 1515 931 1575 denuo
953 1515 1074 1574 eandam

51 1604 231 1678 superposuit,
260 1619 334 1677 quae
362 1606 497 1662 remotius
526 1619 560 1662 eo
589 1605 716 1663 intuente
742 1603 860 1662 resilivit
880 1619 967 1678 quam
987 1603 1074 1678 prius.

52 1687 169 1764 Cumque
189 1691 272 1749 tertio
294 1689 324 1748 id
345 1696 498 1765 tentasset,
531 1693 613 1765 quasi
640 1691 753 1750 turbiue
781 1688 923 1765 impulsa,
948 1690 1076 1764 proiecta

53 1782 89 1833 est
102 1776 134 1840 dc
147 1776 237 1835 altari.
265 1776 330 1853 Quo
353 1779 415 1836 viso
436 1779 550 1838 territus
572 1783 616 1838 est
637 1777 732 1851 valde,
751 1783 780 1836 et
801 1794 833 1836 se
854 1782 933 1835 tauto
946 1777 1075 1834 ministe-
1154 1803 1157 1810 ·

53 1863 87 1921 rio
110 1862 254 1940 indignum
282 1871 431 1940 reputans,
465 1866 611 1940 praecepit
632 1864 769 1939 scholari,
798 1870 832 1922 ut
852 1861 954 1922 eadem
981 1861 1076 1922 hostia

53 1956 196 2024 reservata,
225 1951 311 2009 aliam
339 1957 556 2026 superponeret,
584 1964 672 2027 quam
699 1957 728 2011 et
756 1952 942 2011 consecravit.
989 1949 1078 2008 Dicta

54 2051 112 2094 reru
132 2038 217 2096 missa
238 2037 339 2096 tollens
361 2055 459 2097 secum
479 2038 603 2097 hostiam
624 2037 816 2113 praedictam,
838 2036 986 2099 Coloniam
1007 2053 1078 2113 pro·

54 2124 159 2198 pararit,
177 2125 383 2199 inveniensque
403 2125 516 2184 Priores
538 2125 616 2201 apud
637 2131 752 2184 sanctos
767 2123 932 2203 Apostolos,
954 2125 1078 2200 hostiam

55 2209 89 2266 eis
108 2211 239 2287 ostendit3
262 2211 331 2286 quid
354 2211 389 2271 de
410 2229 446 2272 aa
466 2219 563 2272 aetum
584 2215 620 2270 sit
639 2214 779 2272 recitavit.
822 2211 939 2271 Cunctis
960 2226 1078 2270 causam

54 2297 224 2371 mirantibus,
255 2316 329 2358 unus
361 2298 528 2358 elericorum
558 2299 682 2358 hostiam
715 2304 817 2358 contra
843 2297 938 2358 lucem
964 2296 1079 2371 levans,

55 2381 184 2444 maculam
214 2387 244 2443 in
276 2402 312 2444 ea
343 2384 551 2463 contemplatus
584 2393 636 2446 est.
687 2385 780 2461 Quam
810 2402 875 2445 cum
902 2387 932 2442 in
960 2389 1080 2460 aspectu

55 2467 195 2529 unrltorum
215 2472 361 2548 fregisset,
393 2489 494 2548 cymex
525 2475 573 2548 qui
601 2472 689 2547 vulgo
717 2471 866 2547 pediculos
895 2474 1049 2547 parietinas
1058 2466 1078 2549 ³)

56 2551 160 2634 dicitur,
186 2561 319 2635 apparuit
345 2561 375 2616 in
404 2577 438 2618 ea
460 2559 604 2619 decoetus.
646 2559 684 2618 Et
704 2559 934 2636 glorificaverunt
953 2553 1079 2635 Deum)

57 2656 145 2704 ornnes
175 2648 223 2721 qui
254 2645 382 2705 aderant
431 2645 519 2705 Haud
547 2646 665 2706 dubium
695 2649 763 2722 quin
792 2663 810 2706 a
838 2647 944 2706 sanctis
972 2641 1081 2721 augelis

57 2731 151 2790 reiecta
171 2735 221 2808 sit,
250 2735 298 2808 qui
319 2751 376 2792 nou
399 2739 465 2792 sunt
484 2736 578 2809 passi,
610 2740 643 2791 ut
662 2737 745 2809 panis
767 2741 825 2793 tam
845 2732 952 2793 foetido
974 2731 1082 2790 vermi-

58 2815 115 2875 eulo
135 2827 296 2896 corruptus,
320 2837 373 2895 per
392 2823 577 2880 ministerium
599 2819 753 2880 sacerdotis
775 2823 907 2879 transiret
927 2821 956 2877 in
978 2833 1082 2894 corpus
1136 2877 1141 2886 ,

58 2899 162 2963 Domini
182 2909 234 2966 sui.
276 2906 451 2966 Hellewicus
471 2901 554 2966 Prior
574 2906 682 2966 Montis
703 2904 1008 2988 sanctaeWalburgis
1036 2911 1082 2963 te-

59 2995 189 3052 staturae
211 2992 331 3052 eandem
344 2993 468 3054 hostiam
489 2993 604 3053 vidisse.
646 2993 786 3053 Sacerdos
809 2993 903 3052 adhuc
925 2994 1011 3069 vivit3
1034 2992 1084 3067 qui

60 3075 120 3134 nihi
144 3082 234 3139 minus
256 3080 360 3156 eradit,
385 3083 542 3157 interroget
561 3080 651 3138 illum.
693 3080 783 3140 Vides
805 3086 913 3155 quanta
933 3081 970 3139 sit
989 3079 1084 3158 negli-

60 3163 146 3236 gentia
175 3167 355 3226 sacerdotum
383 3167 563 3229 nostrorum?
614 3165 690 3228 Ohm
719 3166 882 3226 sacerdotes
909 3166 1017 3245 legales
1046 3166 1084 3227 ad

60 3263 140 3320 panes
149 3256 348 3329 propositionis
367 3271 452 3330 agros
473 3256 528 3330 ipsi
550 3253 734 3329 excolebant,
758 3256 946 3330 seminabant,
967 3257 1084 3314 tritura·

62 3332 135 3412 baut,
154 3340 312 3416 molebant,
332 3341 497 3421 pinsebant,
530 3358 619 3417 panes
649 3342 819 3417 formabant,
851 3348 880 3401 et
914 3343 1085 3418 coquebant.

63 3417 194 3500 Erantque
217 3425 252 3486 de
274 3428 377 3488 simula
385 3427 405 3508 ⁶)
428 3423 623 3488 mundissima.
665 3426 803 3487 Attamen
831 3430 861 3488 in
887 3428 942 3488 illis
963 3429 1086 3504 panibus

63 3506 117 3568 sola
130 3520 187 3572 erat
196 3513 295 3588 figura
323 3515 391 3574 Heu
405 3514 491 3574 ruodo
506 3533 595 3592 panes
607 3515 662 3574 sub
686 3516 789 3590 quibus
811 3523 855 3574 cst
874 3518 988 3588 varius,
999 3513 1028 3571 id
1042 3519 1087 3572 est

65 3609 156 3672 corpus
171 3599 275 3660 Christi
296 3609 362 3678 post
382 3604 635 3678 consecrationem,
653 3601 739 3662 modo
760 3604 885 3678 pinsuut,
906 3601 1036 3672 formant,
1057 3605 1087 3658 et

82 3759 108 3830 l)
123 3763 163 3818 BG
180 3783 260 3820 nuuc
278 3771 308 3820 iu
327 3770 403 3822 lina.
423 3799 456 3809 --
474 3770 506 3838 2)
523 3769 546 3823 Β
565 3772 689 3829 misaam
707 3768 833 3822 ibidem.
853 3797 883 3808 -
902 3768 934 3836 3)
950 3765 979 3819 A
995 3778 1087 3830 para-

125 3837 217 3889 tlnus.
235 3868 269 3878 -
287 3840 319 3908 t)
336 3839 380 3894 ΒΡ
398 3839 571 3914 Dominqm.
590 3869 623 3880 --
642 3841 673 3908 5)
692 3839 712 3892 O
730 3837 846 3891 simila.
