2608 4252
392 255 782 349 nusauorsunam
1062 292 1101 350 nr

78 409 233 489 Stephanus
259 409 419 487 Epistolam
454 409 526 487 legit
560 409 596 470 de
629 409 702 470 libro
740 407 902 471 Malachiae
930 411 1102 490 Prophetae.

78 499 192 560 Sanctus
221 515 291 558 vero
311 497 459 558 Jolrarmcs
479 497 691 573 Evangelista,¹
710 496 862 556 dalmatica
883 499 1014 575 indutus,
1034 501 1103 580 legit

78 585 260 663 Evangeliam
291 585 448 644 secumdum
475 584 599 659 Lucam,
636 585 757 658 scilicet,
795 585 962 660 Postquam
994 591 1104 664 impteti

78 681 140 732 anst
167 673 229 732 dica
253 675 442 747 perpationte
469 671 600 743 Martae,
629 677 659 729 et
692 668 824 750 cetera¹).
876 671 940 747 Quo
968 675 1104 750 perlecto,

77 760 211 818 Dominus
233 757 389 818 secundum
411 775 519 818 morem
552 757 656 816 ordinis
685 760 775 817 nostri
805 758 843 816 ad
871 760 992 834 gradum
1013 762 1104 838 rediit,

79 846 156 906 etab
178 845 364 906 offerentibus
386 844 520 904 candelas
549 848 683 919 suscepit.
724 844 877 904 Praedicta
898 855 995 906 autem
1017 851 1105 925 virgo,

77 950 122 1009 per
154 935 286 1009 spiritum
321 934 444 992 sentiens
474 949 505 990 se
533 932 571 990 ad
601 949 703 1006 corpus
731 946 922 1007 reversuram,
956 935 1105 996 candelam

78 1037 152 1078 suam
179 1019 283 1079 offerre
309 1018 413 1093 noluit,
442 1021 528 1078 etiam
555 1019 657 1094 angelo
687 1035 739 1077 suo
772 1023 975 1096 praecipiente,
1005 1023 1105 1083 volens

76 1106 146 1165 illam
167 1123 269 1166 secum
290 1105 328 1164 ad
348 1111 438 1165 terras
460 1105 618 1181 deportare.
661 1105 747 1180 Quod
774 1107 893 1182 angelus
915 1109 1106 1185 considerans,

78 1193 222 1253 candelam
252 1195 283 1252 in
310 1211 398 1252 manu
432 1195 491 1251 eius
522 1193 613 1268 tregit,
641 1195 813 1267 superiorem
836 1201 946 1269 partem
968 1198 1106 1273 auferens,

78 1287 102 1340 et
136 1279 298 1340 interiorem
334 1280 376 1338 illi
408 1278 579 1354 relinquens.
628 1279 733 1354 Sicque
769 1279 807 1338 ad
841 1298 944 1357 corpus
975 1301 1106 1360 reversa,

77 1373 181 1443 partem
210 1365 332 1426 eandem
360 1383 447 1424 manu
477 1365 640 1425 conclusam
672 1381 703 1424 se
731 1369 879 1428 retinuisse
900 1371 1017 1430 invenit.
1058 1372 1105 1432 Dc

79 1471 130 1528 qua
159 1453 301 1530 plurimae
333 1453 448 1528 debant,
464 1469 466 1476 ·
481 1460 509 1512 et
539 1454 611 1512 torte
640 1469 732 1528 usqne
764 1453 849 1512 hodie
878 1456 950 1515 liunt
978 1461 1106 1519 virtutes.

77 1539 146 1599 Nam
158 1557 267 1616 aquam
280 1541 458 1615 superfusam
471 1540 574 1598 intirmi
596 1541 706 1614 bibunt,
726 1546 756 1600 et
778 1543 989 1602 convalescunt.
1033 1545 1106 1606 Tam

79 1627 224 1687 manifesta
250 1633 279 1686 et
305 1633 365 1685 tam
386 1626 514 1685 sublimis
536 1633 596 1685 erat
617 1630 697 1700 visio,
718 1628 889 1688 atmodum
911 1634 971 1690 cius
992 1634 1107 1693 minime

78 1714 250 1791 intelligeret,
281 1713 376 1773 dicens
404 1711 475 1772 illud
502 1711 634 1788 Apostoli
664 1731 729 1772 cnm
752 1713 787 1772 de
817 1733 852 1773 ea
873 1718 1106 1794 interrogaretur:

79 1799 140 1860 Sine
174 1806 208 1860 in
242 1817 378 1875 corpore,
406 1804 466 1859 stoc
495 1808 581 1859 extro
613 1819 733 1875 empne,
765 1806 869 1874 nescio,
902 1804 985 1863 Deua
1017 1805 1107 1886 ectu).

82 1887 219 1947 Dominus
254 1887 426 1946 Eustachius
457 1885 560 1946 Abbas
596 1887 631 1946 de
661 1887 805 1962 Claustra,
840 1889 979 1950 Visitator
1004 1900 1109 1970 noster,

75 1969 193 2034 'audens
227 1973 302 2033 hanc
334 1974 474 2033 visionem
509 1974 680 2049 quibusdam
714 1973 879 2036 Abbatibns
914 1979 1108 2057 referentibus,

81 2059 215 2122 desiderio
237 2062 364 2120 veritatis
385 2061 601 2136 cognoscendae
628 2064 766 2138 virginem
787 2066 1010 2137 praesentialiter
1031 2061 1109 2144 adiit,

80 2153 106 2206 et
131 2149 169 2208 ab
203 2149 266 2208 eius
294 2164 342 2207 ora
375 2164 449 2223 quae
476 2147 553 2207 deta
574 2155 640 2206 sunt
661 2148 778 2207 audivit.
819 2149 1021 2214 NOVICIUS:
1042 2154 1109 2214 Non

79 2251 192 2310 possum
220 2237 359 2294 visionem
387 2233 520 2309 Apostoli
547 2236 614 2294 huic
641 2236 795 2310 praeferre,
828 2241 876 2312 qui
905 2257 935 2298 se
957 2242 1108 2316 usquead

80 2324 187 2380 tertium
220 2321 330 2380 coelum
358 2328 473 2396 raptum
493 2323 579 2381 luisse
601 2328 728 2380 testatur.
769 2322 1004 2386 MONACHUS:
1026 2329 1109 2388 Nosti

81 2409 144 2482 qnid
163 2411 202 2468 sit
222 2410 340 2468 tertium
358 2408 490 2467 coelum?
533 2407 735 2468 NOVICIUS:
757 2409 832 2469 Non.
873 2413 1107 2476 MONACHUS:

80 2493 202 2554 Primum
217 2495 328 2556 coelum
340 2497 411 2554 visto
426 2504 470 2554 est
484 2495 652 2572 corporalis3
674 2496 831 2556 secundum
845 2501 916 2558 visio
939 2502 1107 2580 spiritualim

82 2585 189 2642 wrdum
203 2585 275 2640 visio
288 2581 429 2641 mentalis.
470 2581 536 2642 Hac
557 2600 625 2642 usus
648 2590 692 2642 est
712 2586 741 2641 in
762 2603 814 2643 suo
836 2593 920 2662 raptu
940 2587 1107 2666 Apostolus,

81 2669 148 2730 deut
181 2675 210 2729 ot
240 2669 314 2728 haec
345 2671 435 2745 virgo.
486 2669 570 2745 Quod
601 2669 745 2744 viderunt,
784 2669 869 2752 hoff)
901 2677 1108 2736 intellexerunt

81 2753 107 2814 Si
128 2763 225 2815 autem
246 2758 360 2830 quaeris
382 2755 517 2831 deloco,
538 2759 660 2832 primum
682 2758 794 2817 coelum
814 2759 956 2837 intelligas
977 2779 1107 2839 aereum;

80 2843 232 2902 secrmdum
253 2842 408 2918 sidereum
428 2845 542 2902 tertium
555 2847 719 2919 empireum.
740 2845 775 2904 In
788 2846 844 2906 hoc
859 2864 978 2922 corpora
999 2850 1109 2911 electo·

82 2943 138 2988 tum
165 2935 249 2990 erunt
275 2934 342 3006 post
368 2933 601 2990 resurrectionem
628 2931 789 3008 gloriosam.
840 2932 970 3014 Utruml)
992 2936 1108 2999 adhoc

82 3015 187 3076 coelum
219 3033 311 3075 necne
343 3033 461 3091 corpore
491 3022 574 3094 rapta
596 3021 632 3077 sit
661 3019 733 3077 hacc
755 3022 851 3095 virgo,
882 3025 992 3098 nescio,
1019 3024 1107 3087 ·Deus

82 3102 137 3160 scit
159 3135 201 3146 -
223 3101 319 3162 Aliam
347 3121 415 3162 vero
437 3104 518 3163 Deus
545 3104 585 3162 illi
612 3105 735 3164 ostendit
766 3109 918 3182 visionem,
938 3111 1028 3171 multo
1051 3114 1107 3176 hac

83 3189 312 3267 excellentiorem.
363 3189 435 3249 Cum
463 3197 590 3267 tempore
620 3191 744 3266 quodam
774 3195 910 3268 cogitaret
939 3197 974 3256 de
1000 3199 1115 3277 abysso*

82 3281 208 3336 aeternae
234 3275 513 3353 praedestinationis,
546 3286 574 3337 ct
604 3278 639 3337 dc
666 3279 801 3338 ineffabili
821 3292 998 3344 sacramento
1020 3294 1107 3364 atque

83 3363 200 3422 remedio
222 3363 335 3422 divinae
356 3365 569 3440 incarnationis,
590 3365 667 3425 sacta
688 3367 717 3423 in
739 3383 872 3443 excessu,
893 3372 1032 3447 virginem
1054 3391 1106 3434 co-

83 3463 138 3506 ram
152 3467 182 3510 sc
193 3449 264 3510 vidit
278 3450 468 3524 cristallinam,
489 3451 519 3510 id
532 3459 574 3511 est
586 3452 624 3511 ad
638 3455 729 3512 instar
740 3455 853 3513 cristalli
866 3457 1050 3530 perlucidam.
1072 3460 1107 3518 In

84 3537 158 3595 cuins
190 3543 270 3597 utero
300 3537 491 3614 contemplata
519 3543 563 3598 est
592 3540 729 3599 infantem
756 3541 990 3620 pulcherrimum,
1028 3547 1106 3622 regio

84 3619 246 3698 dyademate
259 3631 436 3686 coronatum.
478 3623 615 3688 Habebat
628 3634 725 3686 autem
739 3629 816 3688 idem
830 3628 972 3704 dyadema
985 3639 1108 3707 quatuor

102 3789 129 3858 l)
144 3789 202 3844 luc.
219 3792 251 3858 2,
274 3792 317 3844 22.
336 3821 367 3834 ·-
385 3793 417 3862 2)
435 3792 492 3846 Gor.
510 3794 546 3859 ll,
570 3795 616 3860 12,
633 3796 657 3848 2.
677 3825 709 3838 -
728 3797 760 3863 3)
784 3796 804 3848 C
827 3804 871 3859 at,
895 3794 914 3846 Ρ
937 3796 995 3847 lroo
1012 3804 1052 3846 at.
1073 3825 1103 3835 -

147 3861 178 3930 4)
194 3861 233 3914 GP
250 3877 356 3916 verunt
373 3877 419 3916 an.
