2512 4254
158 264 219 325 ros
489 259 716 328 nonnemo
739 221 925 328 oouuvs'

157 384 424 464 crebrescerent,
451 403 510 448 non
538 388 576 449 ob
603 387 662 448 hoe
689 391 810 466 gratiam
836 385 976 466 perdunt,
1004 385 1077 449 siem
1102 401 1180 466 septe

158 471 267 535 dimum
287 479 333 535 est
353 473 390 534 oe
410 473 537 536 Henrieo
560 491 697 536 converso
720 473 757 536 de
768 471 786 556 ¹)
808 472 1031 536 Hemmenrode.

484 663 723 728 Δ(ἕΑΡΙἸἯΙᾸΙΜ
750 663 861 728 xcvi.

159 786 207 848 Dc
227 788 343 848 emtore
361 785 523 864 prophetici
536 789 658 863 spiritus
680 790 733 863 quei
746 790 889 864 opponet
901 787 1033 850 Horren
1049 801 1182 848 ecrtoooo

222 907 366 969 Henricns
386 905 464 988 idern
485 923 552 967 curn
572 909 708 986 grangiae
730 926 805 984 quae
824 907 900 968 Hert
921 906 1026 968 dieitur
1044 911 1182 984 praeesset,

160 999 190 1054 et
210 993 256 1054 die
288 992 414 1072 quedam
434 995 463 1052 in
484 993 574 1072 Mayo
596 1002 708 1072 segetes
730 997 833 1072 curtis,
854 997 997 1061 orationes
1018 1012 1085 1054 sues
1104 991 1183 1052 rumi-

159 1170 222 1246 piro
244 1163 359 1242 scilieet,
381 1184 455 1244 qnee
475 1167 532 1228 illic
552 1169 582 1227 in
603 1185 673 1246 egro
695 1169 874 1246 singulariter
894 1170 950 1229 site
973 1174 1025 1243 est,
1046 1174 1139 1228 uonna
1157 1180 1183 1224 se

160 1260 237 1314 staro
259 1257 415 1330 conspexit
456 1254 526 1314 Erat
547 1256 622 1315 enim
644 1255 770 1316 decentis
791 1262 931 1331 staturae,
964 1255 1074 1332 capillis
1094 1268 1183 1327 oenus,

159 1341 255 1407 barbe
273 1341 391 1417 prolixe,
413 1345 539 1402 tunicam
563 1342 673 1402 hebens
694 1343 814 1403 olorem
836 1350 864 1403 et
885 1342 1029 1420 clausam,
1050 1339 1183 1418 scapulare

161 1445 233 1489 vero
251 1427 342 1488 latum
363 1426 466 1510 ultre⁸)
488 1445 584 1506 genus
604 1428 737 1507 longum,
766 1437 885 1506 eratque
905 1429 1004 1490 vultus
1025 1429 1086 1490 eina
1106 1442 1184 1503 enge·

161 1513 243 1574 lions.
286 1514 379 1592 Quem
404 1532 469 1576 oum
490 1517 608 1593 propius
630 1516 770 1577 accedens
792 1517 953 1592 salutasset,
975 1515 1082 1591 dicens,
1100 1515 1184 1576 Benc-

162 1600 248 1663 dieite
268 1602 368 1682 ireter3
389 1603 536 1680 respondit
551 1603 607 1679 ille,
628 1603 780 1664 Dominus
821 1603 860 1663 Et
880 1601 1026 1664 adiunxit:
1047 1597 1183 1682 Quomodo

162 1688 258 1768 placet
284 1690 336 1750 tibi
365 1688 435 1751 ordo
463 1695 530 1750 tuus
556 1690 665 1750 irater?
697 1691 843 1752 Converso
871 1689 1077 1766 respondente,
1107 1688 1184 1760 bene3

162 1778 265 1837 iterum
278 1777 398 1838 adiecit>
425 1777 507 1844 Beue
528 1778 580 1836 tibi
594 1776 708 1853 plaeere
725 1777 819 1854 debet,
841 1779 909 1855 quie
929 1776 1009 1838 nulla
1029 1779 1089 1837 uiis
1101 1779 1183 1835 tanne

163 1865 343 1942 perfectionis
365 1870 409 1924 est
429 1867 458 1923 in
479 1863 610 1924 Ecclesia
630 1864 695 1925 Dei.
728 1863 816 1924 Culus
837 1869 970 1941 aspectus
993 1881 1059 1926 cum
1079 1861 1184 1922 monn

165 1965 303 2010 converso
330 1952 471 2011 incuteret
490 1953 692 2028 reverentem,
720 1951 821 2012 volens
849 1967 1005 2012 conversus
1026 1945 1184 2027 eliquamei

166 2036 235 2097 dere
266 2040 447 2098 occasionem
466 2037 583 2115 petendi
602 2038 723 2114 aliquid,
751 2041 810 2098 aits
826 2039 884 2098 Cur
905 2041 946 2098 sic
967 2037 1052 2098 nudis
1072 2033 1185 2097 moscin

165 2123 309 2202 pedibus?
336 2125 540 2202 Respondente
560 2123 624 2201 illo,
645 2125 711 2185 talis
732 2132 777 2187 est
797 2123 973 2186 consuetudo
994 2131 1107 2201 nostre,
1126 2119 1186 2182 sub·

166 2213 272 2272 iunxit:
299 2212 373 2272 Peto
402 2219 436 2272 ut
463 2212 532 2272 mihi
558 2212 643 2272 liceat
663 2212 747 2274 vobis
769 2212 838 2272 dare
860 2212 981 2288 calcios,
1002 2218 1032 2272 et
1051 2211 1185 2271 nobiseum

165 2297 251 2360 hodie
277 2299 450 2377 prandeatis.
495 2299 538 2359 'Et
558 2303 702 2361 recusavit
728 2305 896 2376 utrumque,
925 2299 1037 2360 dicens:
1068 2295 1186 2356 Modicus

167 2385 248 2446 cibus
276 2387 345 2445 mihi
373 2387 478 2446 sufficit
503 2391 540 2468 et
561 2387 646 2446 sociis
674 2389 755 2446 meis.
798 2385 928 2462 Cumque
949 2385 1047 2461 aliqua
1066 2383 1186 2445 seoretius

117 2511 124 2523 κ
166 2472 251 2533 simul
262 2478 442 2548 tractassent,
463 2475 487 2532 is
509 2475 557 2548 qui
578 2475 671 2532 viator
683 2473 843 2549 videbatur,
865 2487 1003 2533 converso
1018 2471 1104 2532 alium
1124 2467 1185 2529 oen

166 2558 206 2620 ed
237 2560 361 2620 eundem
388 2559 485 2620 locum
512 2560 651 2636 praefixit.
692 2559 721 2619 A
751 2578 808 2636 quo
837 2561 982 2620 modicum
1003 2551 1185 2619 discedensin

165 2646 253 2725 plano
274 2646 339 2709 loco
360 2649 502 2723 nusquein
524 2649 693 2723 comparuit.
735 2647 800 2724 Quo
821 2650 884 2707 viso
905 2647 1048 2708 Hemieuo
1072 2642 1184 2720 expetiit

165 2735 360 2812 festinansque
373 2734 411 2794 ao
434 2733 604 2809 claustrum,
626 2733 717 2793 Priori
734 2752 787 2794 suo
808 2733 985 2809 Hermanno,
1005 2725 1185 2792 nuucAbbcli

166 2823 196 2882 in
216 2821 296 2884 Loco
318 2828 436 2882 sanotae
457 2819 576 2896 Merise,
598 2837 673 2896 qnae
695 2821 772 2881 diota
793 2827 860 2882 sont
880 2821 929 2882 vei
949 2825 1032 2898 gesta
1052 2835 1103 2897 per
1121 2813 1185 2876 orii·

165 2925 233 2969 uem
261 2911 400 2972 recitavit.
444 2907 497 2968 Cui
517 2907 579 2968 ille:
609 2905 718 2968 Cautus
740 2914 801 2969 esto
822 2909 922 2983 irater,
951 2911 1019 2984 quie
1039 2923 1097 2966 non
1115 2915 1185 2990 omne

166 3013 267 3056 uerum
299 3002 342 3057 est
370 2993 450 3072 qnod
477 3007 578 3056 verum
606 3001 734 3071 apparet
780 2994 853 3055 Mox
880 3001 913 3054 ut
941 3012 1008 3055 eum
1035 2991 1135 3054 viden
1157 3003 1185 3048 ex

166 3090 285 3160 gemoto,
306 3083 432 3162 signabis
453 3087 497 3158 te,
520 3089 549 3142 et
570 3099 635 3142 oum
657 3079 959 3164 appropinquaveris&
982 3083 1024 3156 ei,
1044 3083 1140 3141 iterum
1157 3088 1184 3134 ω

166 3168 282 3230 vidente
304 3170 431 3246 signabis
459 3175 504 3246 te,
532 3167 674 3246 dicesque,
695 3168 871 3229 Benedicite.
903 3167 990 3246 Quod
1005 3165 1184 3234 coniecisse,

166 3257 283 3316 subrisit
302 3255 350 3316 ille
371 3256 489 3318 dicens:
513 3255 598 3316 Juste
626 3256 696 3315 iocis
717 3255 857 3334 signando
879 3261 923 3332 te,
952 3257 1020 3333 quia
1040 3271 1097 3314 uon
1116 3261 1184 3311 omno

166 3359 268 3408 verum
296 3349 340 3404 est
368 3341 446 3419 qnod
466 3361 567 3404 verum
589 3349 717 3419 epperet.
758 3343 861 3420 Neque
881 3343 938 3403 hoo
958 3343 1053 3422 ipsum
1072 3340 1185 3402 hstes

152 3437 210 3507 te,
238 3430 290 3492 sed
310 3429 393 3490 Prior
412 3437 479 3490 mus
500 3436 530 3490 to
552 3429 657 3490 docuit
698 3429 778 3507 Ego,
805 3432 911 3507 inquit,
937 3429 1018 3490 illum
1039 3428 1134 3505 diligo,
1157 3435 1183 3482 oo

167 3518 245 3598 quod
265 3515 414 3595 religiosus
435 3519 473 3577 sit
493 3523 522 3577 et
543 3523 655 3580 ametor
667 3515 842 3594 disciplirrae,
862 3523 892 3578 et
913 3520 981 3594 quin
995 3511 1117 3595 qnotidie
1135 3513 1184 3571 orel

165 3623 218 3684 pro
247 3601 353 3688 οων)
374 3603 506 3666 Ecclesia
534 3612 564 3666 et
592 3603 700 3664 ordine.
743 3603 830 3681 Quod
850 3609 881 3664 et
900 3621 1002 3665 vorum
1024 3608 1076 3664 est
1114 3598 1184 3660 Meu·

185 3775 217 3845 1)
233 3772 299 3828 BCP
314 3775 355 3827 in.
374 3801 404 3816 -
424 3771 458 3842 2)
475 3771 650 3827 solitarius
668 3786 709 3825 om
726 3770 777 3825 BC.
796 3787 827 3813 ⁴-
847 3769 879 3840 3)
895 3770 918 3824 li
934 3778 966 3824 et
982 3769 1075 3824 nitro.
1087 3761 1183 3835 -llil

236 3841 537 3917 appropinquabit,
553 3841 624 3899 Ao?
642 3841 929 3914 propinquaverit.
948 3870 980 3882 -
999 3840 1033 3912 5)
1049 3839 1070 3895 ll
1086 3843 1154 3892 tots.
