2608 4252
428 275 481 336 nn
499 274 656 337 ennom
673 274 814 339 nomn.
1096 275 1135 336 ss
1252 354 1254 358 ¹

124 396 186 456 Post
207 396 304 458 horam
332 396 370 456 ad
392 413 423 458 se
444 414 575 458 reversus
596 399 731 473 surrexit,
759 416 777 456 a
800 394 913 458 diabolo
934 413 966 458 se
987 396 1137 461 liberatum

124 482 262 544 dnmtcns
310 481 472 544 Conversus
499 501 569 544 vero
598 486 647 560 qui
675 486 813 544 curationi
839 483 907 544 huic
933 483 1073 558 interfuit,
1109 491 1138 543 et

123 571 242 630 mcticum
262 569 401 631 furentem
422 573 562 646 servavit,
591 574 647 631 ista
674 571 744 630 mihi
771 573 910 632 recitavit.
944 571 1070 646 ‚Vadens
1089 571 1137 633 iiie

120 673 197 716 mnus
222 659 249 716 in
276 657 395 718 domum
422 675 520 732 suum,
551 665 618 734 post
645 657 853 734 aliquantulum
879 659 1014 732 temporis
1040 656 1136 732 rediit,

121 746 214 818 patus
233 761 321 821 agens
342 745 446 804 beatae
473 745 585 821 Virgini
606 737 724 820 eiusqu'a
745 762 829 804 servo
851 761 905 804 suo
927 745 1057 816 curatori,
1081 743 1136 804 hoc

121 830 225 890 verbnm
253 831 386 892 audiente
415 840 558 892 conventu
585 832 735 892 adiiciens:
768 832 799 892 Si
826 831 897 892 nihil
918 836 994 890 esset
1015 830 1136 905 amplius

118 916 285 992 reliquiarum
312 920 344 976 in
371 921 544 980 monasterio
564 921 634 992 isto,
663 925 774 994 praeter
793 918 871 978 hunc
892 924 1024 978 sanctum
1044 919 1135 977 virum

117 1005 189 1062 cuius
208 1007 314 1065 meritis
336 1011 450 1064 curatus
471 1023 551 1081 surn,
582 1005 635 1064 toti
660 1005 725 1066 loco
747 1005 876 1067 sufficere
898 1005 1022 1066 deberet
1065 1001 1136 1065 NO-

117 1089 252 1150 vicinas
272 1091 383 1168 Magna
404 1098 470 1152 sunt
488 1109 562 1168 quae
584 1091 663 1153 dicis.
704 1090 939 1154 MONACHUS:
960 1091 1026 1150 Non
1043 1088 1136 1150 solum

118 1175 273 1252 dmmones,
301 1179 354 1238 sed
383 1185 412 1240 et
433 1180 518 1240 bruta
538 1178 767 1244 animalia.illius
789 1173 933 1238 sanctitati
953 1176 1136 1240 obediebant

116 1261 178 1322 Erat
205 1267 373 1327 monasterio
402 1265 536 1341 poledms
563 1265 784 1341 pulcherrimus,
814 1272 842 1324 et
872 1267 945 1326 tanti
964 1263 1082 1336 valens,
1104 1271 1136 1322 ut

116 1356 168 1410 um
185 1349 343 1428 Episcopus
363 1352 545 1414 Treverensis
572 1369 659 1428 quam
680 1352 749 1414 Dux
776 1352 978 1428 Letharingiae
1010 1350 1136 1426 quadra-

116 1437 186 1512 ginta
210 1444 242 1498 ut
268 1445 339 1514 pute
368 1456 480 1500 marces
508 1442 619 1515 argenti
645 1439 779 1499 offerrent
795 1435 810 1518 ¹)
839 1455 890 1514 pro
918 1438 976 1497 illo.
1019 1437 1136 1514 Species

117 1525 183 1584 enin
210 1527 306 1600 optimi
334 1525 467 1586 dextrarii
486 1528 515 1586 iu
543 1525 644 1586 eodem
666 1533 727 1586 erat
751 1525 877 1602 poledro.
920 1525 1037 1586 rlimans
1064 1541 1135 1590 ccu-

116 1615 207 1670 rentns
234 1611 354 1672 altamm
383 1613 541 1686 offendere,
572 1615 597 1672 si
622 1615 672 1672 uni
697 1613 882 1687 venderetur,
909 1629 961 1688 per
989 1611 1135 1676 dominnm

116 1695 263 1758 Walterum
284 1698 397 1760 duobus
417 1699 551 1760 adhibitis
574 1701 732 1775 conversis,
760 1698 884 1759 eundem
905 1716 1010 1774 equum
1033 1697 1136 1760 comiti

115 1780 273 1844 Hollnndiae
299 1788 389 1862 gratis
417 1788 582 1846 transmisit
623 1787 812 1849 Venientibus
840 1788 881 1848 eis
906 1781 968 1864 in²)
991 1783 1135 1859 quendam

115 1869 218 1946 saltum,
236 1871 370 1948 polcdnrs
384 1875 520 1950 aquiriam
531 1870 561 1954 ³),
581 1873 612 1932 id
633 1879 677 1935 est
696 1889 814 1949 gregem
828 1890 974 1948 equarum,
996 1872 1032 1932 de
1050 1871 1135 1949 longe

116 1971 221 2029 pascere
248 1962 403 2036 conspexit.
446 1960 502 2036 Qui
523 1962 620 2022 statim
640 1960 770 2020 hinniens
791 1967 879 2035 atque
905 1959 1071 2033 lasciviens,
1099 1976 1135 2020 ex

117 2041 266 2106 brennum
296 2047 429 2110 manibus
463 2064 495 2106 sc
528 2047 666 2120 excussit,
707 2053 736 2106 et
771 2063 855 2106 cursu
889 2047 1068 2110 velocissimo
1097 2045 1135 2106 ad

117 2134 238 2205 aquiliam
249 2135 422 2210 properarit
453 2133 547 2210 Quem
559 2151 625 2194 cum
637 2135 766 2194 conversi
777 2136 1000 2210 insequerentur,
1010 2134 1136 2209 fugiente

117 2220 218 2294 multia
237 2223 329 2297 mags
342 2219 477 2296 poledras
498 2222 536 2282 ab
559 2223 599 2280 eis
606 2219 628 2300 ⁴)
650 2221 846 2297 elongabatur.
878 2221 989 2296 Quibus
1001 2220 1135 2280 irnsnatn

116 2297 201 2366 boore
221 2309 357 2381 reversis,
378 2309 418 2366 ait
438 2307 829 2382 Walteruszfrocedamus,
853 2325 944 2384 equus
964 2309 1018 2366 istc
1038 2306 1135 2381 perdi-

117 2393 152 2448 tus
170 2397 222 2466 est,
241 2394 295 2452 nisi
316 2401 417 2456 sancta
429 2392 523 2454 Mania
543 2394 623 2457 illum
639 2397 723 2456 nobis
740 2391 897 2474 redonen).
938 2394 997 2455 Vix
1018 2393 1056 2456 ad
1077 2393 1134 2456 duc

117 2475 230 2540 ultum
246 2487 450 2556 processerant,
472 2487 501 2540 ct
522 2497 589 2541 ecce
601 2481 736 2558 poledrus
753 2481 890 2542 velociter
909 2497 1066 2556 recurrens,
1087 2483 1135 2556 qui

117 2565 227 2626 nondum
254 2568 324 2628 satis
353 2566 476 2628 domitus
506 2568 575 2642 luit,
595 2569 675 2628 velut
695 2571 758 2628 ovis
778 2566 961 2648 mansuem)
985 2567 1141 2628 ductorum·

117 2661 216 2714 tuorum
236 2654 370 2714 munibus
397 2653 472 2714 colla
492 2655 621 2714 subiecit.
642 2687 684 2700 --
706 2654 783 2734 Quia
802 2663 888 2716 notus
910 2653 1135 2716 erat.nobilibus

119 2737 208 2814 lenae,
242 2746 270 2800 et
301 2740 340 2800 ab
370 2742 411 2800 eis
440 2747 502 2800 nrm
533 2748 649 2818 prepter
681 2744 825 2819 sanguinis
853 2743 1045 2815 nobilitatem,
1074 2748 1134 2800 turn
1224 2763 1233 2778 e

118 2832 215 2897 propter
250 2828 327 2889 vitas
363 2829 544 2888 sanctitatem
579 2829 785 2904 venerabatur,
824 2845 911 2904 saepe
945 2845 997 2906 pro
1032 2845 1134 2896 mona-

118 2911 179 2970 stari
207 2915 424 2973 necessitatibus
437 2909 457 2994 τ)
494 2921 595 2976 contra
626 2915 803 2979 voluntatem
833 2933 917 2976 suam
945 2915 1134 2978 emittebatur.

119 2987 241 3073 Tempore
270 2999 394 3075 quodam
424 3000 600 3062 descendens
629 3019 694 3062 curn
721 2999 825 3081 nave⁸)
855 3001 957 3065 domus
987 3019 1061 3078 quae
1088 3005 1134 3064 vi-

119 3091 173 3142 num
201 3087 351 3162 portabat,
389 3104 456 3148 cum
472 3087 655 3150 calandion
685 3091 845 3164 venissent,
884 3096 948 3151 orta
978 3096 1133 3168 tempestas

120 3171 223 3234 ursina
242 3189 342 3234 omnes
362 3175 473 3249 terrim,
496 3182 525 3236 et
547 3172 684 3255 navcm⁹)
708 3175 862 3236 inclinavit.
904 3173 1037 3238 Accessit
1056 3177 1133 3253 peri·

121 3251 197 3317 edum
218 3260 354 3336 periculo.
395 3261 561 3324 Praedones
582 3261 621 3322 ad
642 3279 691 3324 eos
711 3265 891 3341 remigantes,
914 3267 1011 3324 navim
1027 3260 1056 3347 10)
1081 3262 1133 3324 de·

135 3418 160 3485 ¹)
173 3423 230 3508 ΑβΡ
245 3428 383 3484 offerret.
395 3459 427 3470 —
440 3431 473 3498 2)
490 3431 511 3484 B
529 3430 574 3487 ael.
587 3432 663 3499 -3J
677 3431 982 3502 ABDPequaritiam‚
999 3431 1020 3483 0
1038 3446 1133 3499 equs·

175 3500 1132 3627 tilatttlitbtllttliltll‘ltrlectitet?

176 3603 232 3699 ise
250 3639 518 3706 insequerentur,
535 3588 722 3710 lugicnfad
740 3589 842 3711 cqqnaa
858 3639 1013 3708 poledrus
1029 3639 1066 3692 ab
1084 3641 1133 3692 cis

176 3707 271 3774 ungis.
291 3737 322 3748 -
336 3709 369 3777 5)
386 3709 407 3762 Β
424 3712 590 3762 restituat.
604 3739 635 3750 -
650 3712 682 3775 6)
699 3710 720 3764 Β
737 3709 1007 3762 mansuetissima.
1021 3737 1052 3749 -
1066 3709 1098 3775 ⁷)
1111 3708 1132 3760 B
1252 3755 1254 3762 ,

178 3778 321 3848 Ρθῑθῑῑῑθ·
334 3807 364 3818 -
378 3780 410 3846 8)
427 3779 447 3834 0
462 3780 548 3832 nari.
562 3807 593 3820 ·-
607 3780 639 3848 9)
656 3779 677 3832 Β
695 3795 809 3837 ornnes
823 3780 856 3832 in
871 3777 945 3832 nari
963 3776 1084 3828 terruit
1101 3785 1134 3830 ct

179 3853 270 3906 ipram
287 3848 399 3906 navim.
420 3877 450 3890 —
471 3849 520 3917 10)
537 3847 557 3902 C
574 3864 695 3904 arvern.
