2512 4254
176 285 238 348 120
506 279 735 346 Disumonlo
756 275 922 345 otuhve

173 426 220 470 res
242 407 291 484 qni
312 404 376 468 illos
396 412 577 483 temporeet
596 404 809 482 praecedebant
830 409 859 465 et
879 403 1074 482 sequebantur
1087 401 1113 486 ¹).
1149 403 1197 464 Di·

174 501 277 556 cuntur
303 499 401 554 autem
431 489 616 553 Patriarehae
645 495 728 568 quasi
756 497 871 570 patrum
891 493 1048 569 principes,
1078 507 1111 554 eo
1131 491 1198 568 quod

174 581 238 642 aliis
256 581 326 642 iacti
345 583 403 656 sipt
430 582 479 641 via
499 586 577 640 reete
596 579 747 640 incedendi
757 577 793 660 ²),
823 584 853 639 et
872 595 974 640 norma
994 579 1069 639 bene
1087 578 1198 640 vivendi

173 667 286 728 Horum
300 685 481 728 successores
503 669 671 728 exstiterunt
683 666 854 743 Prophetae,
875 672 905 726 et
923 667 980 742 ipsi
1000 668 1055 727 viri
1067 667 1156 743 magni
1173 671 1199 725 et

174 755 277 831 moliti,
305 756 355 832 qui
377 755 487 820 ,tharisii
515 761 695 814 sacramenta
723 760 752 814 et
780 753 943 828 Ecclesiae,
970 758 998 812 et
1022 754 1048 814 si
1078 769 1134 830 qua
1151 751 1198 812 alia

173 842 270 902 futura
291 843 387 918 erant,
410 849 470 901 tarn
491 843 641 918 perspicue
662 839 864 917 praeviderunt
886 848 914 900 et
934 839 1146 916 praedixerunt,
1168 855 1198 898 ee

64 1005 73 1012 .
174 929 200 990 si
229 927 318 990 oculis
343 945 442 988 eorum
463 929 606 1006 corporeis
627 927 747 988 trissant
767 927 889 989 obiecta.
931 925 1017 988 Unde
1038 925 1150 1004 quiden
1165 924 1198 984 il-

174 1013 268 1077 lorum
295 1015 424 1075 dicebat:
444 1013 525 1076 Noa
550 1015 642 1094 facici
662 1013 811 1076 Dominus
832 1011 956 1074 oubam
976 1031 1067 1092 super
1088 1020 1199 1084 wora,

161 1104 258 1180 ,qaod
284 1119 346 1162 ooo
369 1105 457 1178 priua
484 1097 591 1162 acuam
617 1093 707 1162 sceda
728 1105 789 1160 auis
810 1097 1007 1177 Prophetis³).
1050 1097 1198 1178 Prophetae

173 1187 289 1250 fuerunt
309 1185 417 1263 Isaiae,
438 1187 595 1263 Jeremias,
614 1181 767 1263 Ezechiel,
786 1186 891 1247 Daniel
913 1193 942 1247 et
963 1185 1114 1247 duodecim
1132 1187 1196 1246 Pro·

174 1273 295 1354 phetae,
331 1273 380 1352 qui
413 1277 497 1336 eiiam
530 1293 565 1336 ea
592 1292 666 1352 quae
692 1273 894 1354 praeviderunt
922 1271 970 1336 vel
995 1273 1198 1350 praedixerint,

175 1364 281 1439 scripto
308 1365 558 1440 perpetuaverunt.
600 1359 684 1424 Unde
706 1361 868 1438 Prophetae
892 1361 960 1421 dicti
979 1367 1048 1421 sunt
1068 1360 1198 1432 ridentes,

175 1447 223 1511 vel
251 1449 456 1528 significantius
483 1447 646 1528 Prophetae
675 1449 807 1508 dicuntur
835 1451 917 1524 qnasi
944 1447 1132 1526 praefatores,
1159 1441 1198 1504 rel

176 1537 258 1613 quasi
286 1554 370 1613 porro
378 1533 400 1616 ²)
428 1535 535 1612 fantes,
561 1535 592 1595 id
620 1542 664 1596 est
696 1555 715 1596 a
742 1535 837 1614 longe.
880 1535 976 1612 Quare
1004 1541 1102 1595 autern
1120 1535 1197 1593 rarius

175 1623 323 1702 Apostolis
344 1626 405 1684 sive
418 1619 593 1701 Martyribus
607 1624 691 1684 nobis
712 1628 877 1698 appareant,
898 1640 986 1684 causa
1007 1639 1071 1682 esse
1091 1621 1198 1693 videtur,

176 1709 255 1788 quod
275 1716 415 1788 respectu,
428 1709 485 1771 iarn
514 1709 655 1770 dictorum
683 1708 815 1770 ordinum
842 1708 956 1770 modica
982 1711 1012 1769 et
1039 1725 1112 1786 pene
1131 1705 1198 1766 nulla

177 1806 221 1860 est
240 1797 352 1859 illorum
366 1795 503 1857 memoria
519 1793 598 1874 apud
617 1793 779 1857 Ecclesiam
797 1792 976 1879 Latinorum.
1018 1793 1121 1862 Graeci
1139 1809 1197 1856 raro

176 1887 205 1944 in
235 1883 374 1946 nataliciis
404 1883 546 1965 illorum⁶)
575 1883 787 1959 solemnizant,
823 1889 853 1944 et
887 1883 953 1943 ideo
989 1880 1062 1954 forte
1098 1882 1197 1957 saepius

109 2045 114 2052 .
171 1967 227 2030 illis
249 1976 396 2048 apparent.
444 1967 492 2030 De
519 1963 618 2034 sancto
640 1967 774 2032 Johanne
802 1967 936 2046 Baptista
965 1971 1046 2029 cadus
1075 1967 1197 2030 memoria

174 2056 294 2119 celebris
312 2063 356 2118 est
374 2074 426 2134 per
447 2059 611 2118 universam
629 2055 796 2132 Ecclesiam,
817 2057 929 2132 aliquas
945 2058 1070 2118 visiones
1090 2055 1197 2117 subiun-

172 2138 248 2223 g'am.
290 2139 357 2221 Ipse
380 2149 424 2205 est
445 2147 522 2206 eninr
541 2147 713 2206 novissimus
734 2143 959 2221 Prophetarum,
987 2149 1017 2204 et
1037 2144 1198 2220 plusquam

173 2229 329 2309 Propheta.
368 2229 445 2292 Nam
466 2229 532 2294 Lea
554 2241 583 2292 ct
602 2229 780 2310 Prophetae,
802 2237 876 2292 teste
898 2231 1032 2306 Domino,
1057 2247 1146 2306 cepae
1165 2225 1198 2284 od

173 2311 384 2396 Johaaecmv.
504 2395 506 2404 Ι

513 2507 746 2570 CAPITULUM
767 2509 881 2570 XLIX.

269 2633 317 2692 De
338 2631 482 2691 monacho
503 2625 699 2691 monacile
720 2633 772 2707 qai
793 2637 930 2690 concam
950 2627 1120 2690 Johcamn

546 2719 717 2794 Baream
739 2717 840 2794 arurae.

239 2837 274 2900 In
293 2833 453 2902 claravalle
475 2837 632 2903 monachus
654 2836 771 2915 quidam
791 2838 903 2898 iuvenis
926 2845 969 2898 est
990 2843 1086 2898 astate
1098 2835 1198 2898 Johan·

175 2945 227 2988 nes
248 2931 483 3012 nomine,‚mirus
505 2923 622 2988 dilector
644 2929 735 2988 saneti
748 2925 890 2986 Jobannis
910 2925 1070 3001 Baptistae.
1110 2924 1143 2983 In
1163 2918 1199 2978 die

176 3011 317 3088 siquidem
336 3017 501 3076 Natiuitatis
521 3015 597 3074 illius
629 3020 673 3075 est
693 3019 795 3089 natus,
823 3019 853 3074 et
874 3013 911 3072 ob
932 3009 988 3072 hcc
1010 3031 1030 3072 a
1049 3007 1200 3088 parentibus

176 3100 326 3161 lohannes
347 3109 477 3162 vocatus.
531 3097 625 3177 Supra
651 3101 774 3177 reliquos
804 3105 919 3160 sanctos
947 3097 1027 3159 illurn
1056 3099 1154 3175 diligit,
1178 3096 1200 3150 et

178 3189 309 3264 quotiens
330 3186 436 3265 aliquid
458 3186 610 3266 adipsum
631 3190 774 3266 pertinens
794 3186 933 3264 psallitur,
952 3193 985 3245 ut
1007 3191 1051 3244 est
1072 3185 1199 3244 unicum

177 3276 266 3350 patris
298 3276 358 3334 eius
386 3276 558 3352 Zachariae,
585 3277 626 3334 ibi
653 3277 719 3334 voci
747 3277 862 3350 penitus
890 3290 948 3332 non
979 3275 1079 3349 parcit
1121 3269 1200 3330 Nocte

179 3360 304 3436 quadarn
318 3360 474 3424 cumidem
495 3365 638 3422 canticum
660 3379 726 3422 oum
747 3361 836 3422 choro
858 3366 987 3420 cauma
996 3355 1025 3440 ⁷),
1047 3364 1077 3418 at
1096 3362 1199 3418 ventum

178 3447 277 3508 luisset
298 3448 335 3508 ad
361 3447 441 3506 illum
468 3449 654 3508 versiculum:
680 3447 722 3507 Et
749 3454 783 3507 tu
803 3467 878 3522 puer
899 3447 1053 3522 Propheta
1074 3439 1200 3505 niteant

179 3533 337 3608 vocaberis,
359 3530 542 3616 etxoeteral),
563 3529 697 3593 sacerdos
721 3528 837 3609 quidam
858 3541 938 3594 stans
960 3537 989 3592 in
1012 3532 1098 3594 choro
1121 3541 1199 3606 oppo-

199 3723 230 3790 l)
248 3721 268 3774 B
287 3716 580 3786 subsequebantur.
598 3745 630 3754 -
650 3716 682 3783 2)
699 3715 784 3767 ACDP
801 3717 969 3770 credendi.
989 3720 1071 3787 -,3)
1087 3719 1162 3772 Auos
1176 3711 1200 3802 ds

142 3811 145 3822 ¹
247 3787 283 3930 e
296 3819 326 3914 r·
339 3783 706 3913 reserauerat.
721 3799 886 3922 erra
905 3787 1044 3918 rare·
