2608 4252
177 273 219 334 aa
257 248 265 258 '
481 271 711 334 nrsrmcno
731 271 907 334 suerrus

175 396 262 456 flores
292 395 464 471 mmmtcs,
502 397 552 472 qui
584 413 620 456 ea
650 398 779 456 intuente
806 413 921 455 suram
948 393 1149 470 ascendentes,
1182 401 1216 455 et

176 484 293 560 virginis
305 483 455 542 cercbrrrm
468 489 664 542 excrescentes
676 479 703 562 ¹),
723 486 753 541 in
766 501 861 542 mmos
875 483 1010 542 arboreos
1023 483 1215 559 proiecenmt,

176 577 207 631 et
233 569 347 629 modico
373 573 468 646 spatio
497 573 632 645 tempor'm
660 587 772 628 emerso
780 567 817 649 ²),
846 577 970 644 quatuor
996 571 1095 629 muudi
1114 576 1214 646 partes

175 656 373 733 impleverunt.
416 657 546 733 Quorum
556 657 665 715 fructus
687 665 768 716 aaut
787 655 978 732 pulcherrimi,
999 656 1093 716 odoris
1105 658 1213 732 eximii,

175 746 296 820 mirique
324 746 443 819 saporis
484 743 524 802 Et
552 761 619 802 cece
645 744 700 802 sub
728 746 816 802 ramis
838 743 946 802 eisdem
974 747 1105 819 apparuit
1125 759 1215 803 omne

122 863 125 870 ,
175 849 267 908 genus
298 831 456 890 bumaunm
482 848 502 889 a
527 829 724 907 pmtboplssto
760 829 857 888 Adam
884 847 977 906 usque
1004 831 1043 889 ad
1079 830 1214 912 ultimum

176 919 226 994 qui
255 921 286 976 in
316 917 374 976 flue
401 916 501 976 mundi
528 920 689 976 nrsdtnrus
716 925 770 976 est.
812 917 873 976 Soli
903 933 973 976 vero
1001 917 1083 977 electi
1103 917 1215 977 nncms

175 1006 286 1066 arboris
307 1005 463 1079 carpebant
491 1005 591 1079 ebque
611 1005 810 1079 uescebantur,
831 1005 946 1080 reprobi
966 1011 1063 1063 autam
1082 1003 1153 1062 nihil
1175 1021 1215 1063 ex

176 1094 217 1152 eis
243 1093 407 1168 contingere
435 1090 482 1149 vel
509 1094 588 1150 vesci
617 1096 779 1167 potncrmrt.
828 1091 863 1148 In
891 1108 950 1166 qua
970 1093 1079 1150 vinone
1100 1096 1215 1150 tantm
1295 1103 1296 1170 3

176 1178 313 1238 divinitus
344 1179 455 1253 accepit
482 1180 646 1251 scientiam,
677 1183 711 1235 ut
741 1184 843 1253 postea
873 1177 994 1254 loquens
1017 1195 1083 1237 eum
1103 1177 1216 1254 aliquo,
1295 1233 1296 1246 ,

174 1282 243 1325 mox
274 1264 442 1341 intelligeret
469 1271 564 1324 ubuum
592 1273 669 1324 esset
695 1264 936 1340 praedestinatus,
968 1264 1016 1324 vel
1044 1267 1214 1340 praescitis.

174 1351 206 1412 Si
234 1369 302 1411 vero
334 1351 577 1428 praedestinatus,
608 1355 678 1410 satis
710 1369 776 1410 cum
803 1351 851 1410 illo
884 1353 966 1427 quaei
995 1369 1061 1411 cum
1091 1353 1215 1411 concive

173 1439 253 1514 loqui
285 1438 495 1514 delectabatur,
530 1440 554 1496 si
585 1447 683 1497 autem
710 1440 884 1514 praescitus,
914 1455 983 1497 mor
1014 1455 1046 1498 se
1077 1439 1115 1497 ab
1149 1439 1215 1502 eius

175 1526 317 1601 colloquio
332 1525 472 1584 liberavit
512 1523 716 1585 NOVICIUS:
737 1524 813 1609 Mira
826 1530 893 1583 sumt
914 1542 989 1600 quae
1011 1525 1089 1584 dicis.
1131 1523 1214 1584 Mo-

174 1612 349 1673 NAGHUS:
381 1612 413 1672 Si
443 1611 525 1672 Deus
557 1619 638 1670 tanta
668 1629 704 1671 ac
735 1612 806 1670 talia
835 1614 917 1670 iustis
950 1611 1073 1671 ostendit
1101 1611 1131 1669 in
1151 1614 1214 1688 via,

175 1707 283 1777 quauta
308 1707 396 1777 putas
423 1699 478 1758 illis
506 1699 637 1758 ostendet
657 1700 686 1756 in
706 1697 819 1774 patria?
861 1699 988 1774 Revera,
1009 1715 1084 1774 quae
1106 1700 1214 1760 oculus

173 1786 638 1860 oonoiditaeceurisuudioit,
661 1783 1215 1859 mawrionencaccmdemne).

77 1873 82 1884 '
115 1926 119 1932 .
174 1908 216 1918 -
232 1873 290 1932 Die
304 1873 428 1949 quadam
442 1891 508 1932 cum
522 1873 669 1950 corporale
691 1871 769 1948 quod
784 1873 849 1948 ipsa
868 1871 986 1947 laverat,
1006 1888 1101 1948 pauno
1122 1889 1214 1931 mun-

174 1960 291 2020 dissimo
324 1961 481 2034 substrato,
512 1959 599 2018 radiis
627 1959 767 2020 solaribus
804 1975 856 2034 per
893 1958 1045 2018 fenestram
1079 1961 1217 2020 immissis

174 2065 260 2124 super
287 2063 382 2124 genua
408 2065 461 2106 sua
489 2043 689 2126 desiccaret),
716 2052 848 2104 matrona
868 2045 1094 2105 reverendissimi
1115 2045 1219 2107 vultus
1294 2073 1295 2116 1

174 2134 212 2195 ad
249 2133 326 2194 illam
359 2137 500 2210 ingressa,
528 2134 664 2192 infantem
695 2131 931 2209 pulcherrimum,
963 2149 1049 2208 quem
1079 2133 1219 2194 manibus
1294 2123 1295 2202 i

173 2222 320 2299 gestabat,
349 2221 442 2280 cidem
469 2220 610 2296 corporali
630 2222 824 2296 superposuit,
853 2226 883 2278 et
904 2219 983 2278 abiit.
1026 2219 1119 2296 Quem
1147 2236 1217 2280 cum
1294 2215 1295 2222 '

173 2325 308 2390 amovere
329 2308 429 2383 vellet,
457 2310 591 2384 ignorans
613 2309 675 2382 quis
704 2312 792 2381 esset,
818 2308 858 2366 ait
878 2305 1048 2365 mimulos:
1077 2305 1145 2366 Sine
1166 2323 1218 2366 me

174 2395 273 2456 sedere
294 2411 379 2470 super
393 2393 566 2453 lintheamen
583 2411 694 2470 meum;
717 2395 814 2468 sicque
835 2395 864 2451 in
886 2392 976 2452 oeulis
994 2396 1054 2452 eius
1068 2393 1219 2469 disparuit.

173 2481 213 2542 Et
233 2485 381 2558 cognovit,
408 2483 476 2557 quia
498 2469 737 2555 Christus'esset,
760 2482 810 2556 qui
830 2481 885 2539 sub
907 2482 1001 2555 specie
1022 2482 1104 2556 panis
1126 2497 1217 2557 super

173 2576 306 2629 sanctum
337 2568 427 2628 altare
456 2568 549 2627 eidem
580 2567 687 2626 lintheo
709 2567 818 2626 involvi
841 2569 998 2626 consuevit.
1040 2566 1135 2626 Multa
1155 2567 1217 2628 alia

172 2657 239 2717 huic
268 2655 396 2716 revelata
422 2661 490 2714 sunt
517 2656 632 2730 virgini,
660 2671 734 2729 quae
756 2653 904 2712 mibiuon
926 2653 1114 2728 scutulata,
1137 2671 1216 2730 quae

172 2746 245 2803 forte
274 2743 311 2802 ab
344 2742 407 2802 aliis
436 2748 502 2800 sunt
531 2744 700 2816 conscripta.
742 2740 808 2799 Non
837 2745 880 2800 est
909 2739 970 2814 diu,
997 2739 1075 2814 quod
1096 2741 1133 2799 ab
1156 2740 1216 2802 bac

173 2832 238 2892 luce
260 2832 405 2908 migravit,
435 2828 542 2888 laboris
568 2830 613 2887 sui
639 2845 675 2888 ac
695 2829 849 2904 patientiae
871 2824 1033 2887 mercedem
1053 2833 1216 2904 receptura.

522 2999 755 3062 CAPITULUM
775 3000 863 3060 XXI.

172 3127 221 3184 De
251 3123 398 3184 ditrictina
426 3123 656 3197 sanctimoniali,
690 3141 767 3197 quoe
788 3129 924 3182 coactam
945 3120 1079 3180 blaciam
1100 3123 1133 3180 in
1153 3138 1215 3182 sua

273 3213 480 3287 Aseutnptione
501 3229 642 3270 emonam
665 3211 700 3270 de
721 3211 801 3269 coelo
822 3227 910 3284 seper
931 3215 1106 3268 conventum

362 3298 454 3357 Vallia
475 3303 571 3357 sanct
591 3299 677 3357 Petet
701 3297 849 3355 demittere
870 3298 1027 3372 coraspeait

237 3418 272 3478 In
285 3418 384 3478 Monte
405 3425 521 3478 sanctae
535 3418 701 3494 Walburgis
724 3418 863 3478 coenobio
887 3416 992 3475 ordinis
1012 3417 1111 3489 nostri,
1133 3413 1213 3490 quod

172 3506 286 3566 duobus
306 3505 473 3564 milliaribus
485 3502 506 3586 ⁵)
528 3505 615 3564 tutat
635 3523 654 3564 a
672 3504 805 3579 Colonia,
826 3503 968 3580 quaedam
989 3501 1213 3562 sanctimonialis

190 3633 329 3711 tjiiomit.
347 3637 377 3689 ll.
395 3654 420 3705 p.
439 3637 487 3690 28:
507 3642 565 3707 „qui
582 3653 629 3705 per
645 3637 728 3690 bonae
743 3639 811 3690 vitae
823 3636 999 3688 sublimitatem
1012 3644 1038 3687 et
1049 3637 1212 3701 incorruptae

241 3711 323 3762 lamae
336 3707 439 3759 odorem
452 3707 514 3759 alios
532 3723 727 3760 excrescere
745 3706 862 3757 debent“
890 3705 919 3756 ll.
938 3721 963 3771 p.
982 3706 1029 3756 to:
1050 3719 1125 3770 ,spes
1137 3719 1212 3755 men-

242 3795 325 3832 suram
339 3793 541 3842 excrescens,
552 3786 657 3845 generat
669 3777 921 3844 praesumptionem.“
933 3801 964 3812 -
975 3771 1061 3838 2JA1)
1074 3787 1211 3824 emenso.

244 3879 272 3890 -
286 3847 417 3919 ³)cor.1,
434 3847 460 3913 2,
477 3847 620 3916 a-tJB
638 3846 838 3899 exsiccaret.
852 3840 1209 3924 -5JABIJPmtltiariie

351 4114 361 4153 l
