2506 4254
324 258 379 320 DE
401 257 584 322 CORPORE
606 257 773 322 CHRISTI.
1017 255 1078 320 leo

55 378 176 457 bomo,
198 377 235 442 de
255 381 336 442 auius
357 383 450 458 eapite
472 399 537 444 oum
558 381 647 444 altare
660 381 847 456 benediceret,
868 381 955 440 etiam
976 377 1081 456 globus

54 469 142 544 igneus
157 469 281 528 amium.
312 466 547 530 MONACHUS:
568 469 603 528 In
617 475 738 544 unoque
755 470 868 544 signum
887 467 942 526 luit
957 483 1080 544 magnae

56 552 219 631 devotionis,
250 557 332 616 euius
364 561 464 616 auctor
495 555 615 632 Spiritus
646 561 763 616 sanctus
792 561 852 629 est,
877 555 926 629 qui
954 554 984 612 in
1011 556 1080 630 igne

54 658 130 718 super
148 641 308 718 Apostolos
334 645 474 718 apparuit
529 641 611 703 Unde
632 658 690 701 non
717 642 856 701 immerito
883 657 904 702 a
931 639 1080 702 sacerdote

55 733 113 788 autc
133 745 274 790 canonem
295 747 408 790 sursmn
430 727 516 791 corda
536 729 643 788 habere
664 731 822 788 monemur.
884 805 885 810 ἵ

369 919 601 980 CAPITULUM
623 919 759 980 XXXII.

55 1041 96 1100 De
120 1039 270 1101 sacerdote
297 1045 346 1100 cot
366 1041 515 1100 Dorulaus
537 1047 654 1100 tantam
674 1041 799 1104 contulit
820 1039 1018 1114 montionem,
1045 1043 1082 1100 ut
1199 1029 1202 1037 '

118 1135 219 1188 venter
240 1130 301 1229 etue
322 1113 481 1206 dirumptss
504 1128 658 1201 videatur,
680 1128 827 1188 accedenti
849 1127 891 1186 ud
911 1129 1016 1220 ultore.
1145 1139 1148 1144 “

112 1247 209 1314 Alium
236 1248 334 1310 itidem
361 1251 430 1311 novi
458 1248 651 1325 sacerdotem,
679 1251 726 1312 cui
753 1249 901 1311 accedenti
932 1247 971 1310 ad
990 1248 1081 1310 altare

57 1341 156 1396 mutam
183 1335 326 1395 Dominus
354 1351 441 1412 saepe
470 1337 590 1396 contulit
614 1335 810 1412 devotionem,
830 1343 864 1396 ut
885 1342 960 1396 esset
980 1343 1082 1396 venter

56 1419 156 1496 aad,
184 1425 259 1482 siout
279 1425 416 1499 scriptum
445 1429 489 1484 eet
515 1426 544 1482 in
572 1421 678 1503 Job³)‚
706 1427 793 1500 quasi
818 1421 950 1483 mustum
972 1423 1082 1499 ubsque

56 1510 203 1584 miracola
229 1509 311 1586 quod
331 1511 507 1586 lupambulus
527 1527 621 1570 occos
643 1507 825 1586 coronato).
867 1509 906 1569 Et
926 1512 1082 1586 sicutipse

57 1594 119 1653 nihi
138 1597 283 1656 confessus
305 1602 362 1671 est,
384 1597 478 1656 adhuc
500 1599 575 1662 cuim
596 1598 675 1672 vivit,
700 1603 760 1656 tam
782 1596 965 1658 vehementes
986 1603 1082 1661 motus

58 1697 251 1760 nonnunquam
264 1685 294 1741 in
308 1683 393 1743 eoide
406 1686 467 1744 eius
482 1682 595 1744 devotio
610 1686 752 1758 excitavit,
770 1689 802 1742 ut
815 1689 915 1759 pectus
930 1683 1053 1760 dirumpi
1060 1678 1082 1763 ⁸)

58 1767 198 1828 rideretur.
243 1767 401 1846 Oportebat
417 1788 482 1830 eum
503 1777 598 1831 motus
620 1771 737 1838 eosdem
757 1778 873 1847 propter
894 1771 1082 1830 circumstan·
1182 1763 1188 1768 ’

59 1859 96 1913 tes
114 1859 272 1933 reprimere.
315 1857 397 1933 Quae
417 1864 602 1933 peccatorum
626 1857 741 1918 vincula
761 1855 924 1918 huiusmodi
944 1855 1083 1934 impulsus

58 1957 109 2000 non
120 1942 309 2020 dirumperent
316 1941 359 2022 ⁶)‘l
380 1943 457 2004 Huic
473 1947 603 2021 congruit
615 1943 684 2006 illud
696 1944 883 2004 Davidicum:
902 1945 1052 2020 Dtropirti
1060 1939 1083 2018 1)

59 2030 167 2088 atnuolc
183 2049 259 2103 mco,
281 2030 332 2090 tibi
347 2031 515 2108 sacrificabo
529 2033 655 2091 bostiam
670 2033 775 2105 laudm,
798 2037 827 2091 et
847 2027 981 2110 cetera³).
1011 2028 1085 2090 NO-

58 2111 195 2176 VIOIUS:
221 2117 298 2176 Puto
326 2115 404 2193 quod
432 2118 517 2178 valde
538 2116 651 2177 mundis
677 2119 809 2179 manibus
831 2117 1006 2192 sacrificent,
1035 2118 1085 2194 qui

60 2204 112 2259 tam
128 2203 289 2264 flammeum
303 2211 403 2280 pectus
417 2205 533 2264 hebent.
563 2203 799 2266 MONAOHUS:
826 2204 912 2282 Quod
933 2205 1085 2265 huiusmo-

61 2285 87 2344 di
105 2289 262 2350 sacerdotes
273 2308 330 2351 non
345 2291 439 2351 solum
459 2290 590 2367 mundas,
611 2291 662 2352 sed
671 2288 692 2372 ⁹)
713 2292 824 2352 lucidas
845 2299 973 2368 tempore
994 2292 1085 2352 sacri·

61 2369 111 2432 ficii
129 2395 227 2438 manus
248 2375 382 2454 habeant,
403 2379 535 2456 exempla
554 2381 704 2456 sequentia
724 2379 870 2440 declarant
882 2375 922 2459 ¹⁰).

366 2569 598 2632 CAPITULUM
618 2570 769 2632 XXXIII.

127 2689 174 2750 Dc
192 2691 355 2752 arsamum
376 2711 455 2768 quae
474 2693 600 2753 bostiam
621 2696 653 2752 ta
675 2695 835 2753 elevatione
856 2691 899 2752 ad
916 2695 1013 2754 instar

350 2781 473 2839 adeloldi
493 2781 566 2840 vidit
588 2781 784 2856 perlucidum.

119 2895 188 2958 Cum
226 2897 271 2960 die
304 2899 439 2978 quadarn¹
461 2900 596 2962 sacerdos
628 2901 745 2979 quidam
775 2902 804 2960 in
836 2897 937 2960 Monte
967 2903 1085 2960 sauctae

65 2977 215 3064 Walburgis
236 2989 354 3046 missam
375 2987 540 3063 celebraret,
561 2987 693 3066 religiosa
713 2990 794 3066 virgo
806 2985 983 3061 Ricbmudis‚
1004 2987 1086 3046 cuius

61 3073 165 3131 memini
189 3075 219 3131 in
248 3073 427 3136 distinctione
449 3081 553 3136 octava
575 3075 699 3152 capitulo
722 3076 860 3150 septimo,
887 3079 954 3150 post
972 3079 1086 3150 tergum

61 3151 126 3216 illius
145 3167 239 3237 stans,
267 3161 392 3221 hostiam
412 3164 442 3222 in
463 3162 622 3222 elevatione
650 3169 710 3222 tam
730 3161 935 3242 lucidissimam
948 3156 978 3242 ¹¹)
1000 3160 1086 3237 vidit,

62 3245 87 3298 tt
111 3249 168 3304 tem
196 3249 393 3324 perspicuam,
422 3266 457 3309 ao
479 3251 504 3310 si
530 3250 629 3310 luisset
650 3248 820 3323 cristallina,
848 3255 877 3308 et
897 3248 977 3308 radio
999 3246 1087 3308 solari

61 3329 228 3402 perlustrata
270 3333 332 3396 Nec
359 3335 554 3412 impediebant
580 3336 697 3414 pollices
728 3334 884 3396 sacerdotis
905 3337 1009 3414 qrdbus
1029 3334 1086 3396 ho·

77 3480 105 3548 1)
121 3479 162 3536 Ol)
179 3483 345 3553 disrumpi.
365 3515 396 3528 -
416 3487 448 3556 2)
466 3487 511 3541 Ab
529 3495 563 3540 ut
581 3490 653 3541 eius
671 3495 794 3541 venter.
813 3486 940 3551 Conth,
958 3487 982 3539 8.
1002 3513 1034 3526 -
1053 3483 1086 3552 3)

121 3551 166 3605 lob
185 3555 228 3619 ³2,
248 3555 287 3607 19.
306 3585 339 3594 -
358 3556 390 3624 4)
408 3555 452 3611 GP
470 3557 658 3626 disrumpit,
681 3559 702 3611 l)
725 3557 882 3625 dirumpit
906 3555 1032 3608 ebullit.
1052 3581 1084 3593 -

122 3623 214 3690 5)οΡ
232 3623 398 3694 disrumpi.
418 3655 448 3666 -
478 3629 509 3695 6)
533 3628 555 3682 Ρ
578 3628 832 3696 disrumperent3
855 3625 1086 3692 (imprimere,

122 3707 159 3744 ue
176 3697 321 3762 pectoris
339 3697 470 3749 vincula
488 3698 584 3752 huius
602 3701 669 3768 (rie)
687 3697 826 3766 impulsu
849 3695 1087 3761 disrumperen-

123 3767 181 3816 tur.
205 3793 233 3804 —
260 3765 291 3833 7)
316 3764 335 3816 Β
362 3764 543 3836 disrupisti.
567 3798 597 3808 —
617 3769 649 3838 8)
666 3767 736 3822 Peal.
755 3767 813 3831 115,
832 3765 942 3819 16-17.
962 3792 993 3802 -
1013 3762 1045 3830 9)
1063 3759 1085 3814 Β

124 3831 178 3887 sed
195 3846 235 3892 ct.
254 3864 285 3874 -
306 3833 353 3902 10)
371 3839 393 3893 Β
412 3835 633 3892 declarabunt.
652 3867 684 3880 -
704 3838 752 3905 11)
769 3835 811 3889 BG
830 3833 975 3888 lucidam.
