2512 4254
294 279 348 339 DE
369 277 551 340 DIVERSIS
572 275 807 340 VISIONIBUS.
1027 277 1086 342 15⁷

415 467 647 532 CAPITUL'UM
670 469 737 530 XO.

66 592 108 652 De
123 594 223 670 puella
244 613 324 670 qaae
343 594 385 654 ad
405 595 562 672 hymnum,
587 595 627 654 Te
647 595 747 654 Deum
768 592 944 666 laedamus,
966 592 1089 656 moram

240 683 485 757 prodessemus
506 682 618 742 coelum
640 680 799 756 troruferrt‘
819 679 901 738 vidit.

121 799 252 861 Narravit
264 801 334 860 mihi
346 819 437 878 nuper
450 802 582 862 sacerdos
597 801 713 877 quidam
727 800 762 860 de
776 781 909 874 Saxonia‘,
920 801 950 856 in
964 797 1090 874 quodam

66 891 227 949 monasterio
250 892 330 949 ouius
350 907 455 949 nomen
476 890 546 948 mihi
568 892 722 964 exprimere
744 905 802 947 non
823 889 928 964 potuit,
964 885 1090 962 puellam

65 973 142 1033 faisse
162 975 320 1052 parvulam,
342 994 415 1051 quae
430 983 540 1035 tantum
554 977 661 1035 festivis
675 977 807 1035 noctibus
823 973 925 1050 vigiliis
942 973 1090 1032 sollemni·
1137 1008 1139 1019 ·

65 1061 113 1120 bus
139 1064 273 1123 interesse
299 1065 530 1139 permittebatur,
564 1069 592 1122 et
620 1062 726 1122 eisdem
756 1061 883 1120 nondum
910 1060 1028 1136 expletis
1049 1061 1090 1119 iro

66 1147 208 1208 dormitum
230 1149 460 1226 compellebatur.
502 1151 537 1208 In
559 1150 683 1226 quadarn
697 1151 851 1208 festivitate
873 1165 938 1207 cum
954 1149 1091 1223 magistra

65 1235 90 1292 in
114 1239 194 1296 tertio
221 1246 255 1298 ut
281 1243 351 1314 puto
376 1243 514 1296 noctumo
526 1233 543 1318 ¹)
566 1240 704 1313 virginem
724 1236 847 1311 scapulis
868 1235 906 1294 ad
928 1233 1091 1294 exeundum

65 1321 220 1399 impelleret,
241 1329 270 1383 et
290 1323 339 1382 llla
352 1326 518 1383 reniteretur
539 1341 592 1384 nee
606 1324 763 1400 proficeret,
784 1325 869 1382 tristis
891 1322 1006 1398 quidem
1028 1323 1090 1380 exi-

66 1410 116 1484 vit,
146 1409 196 1470 sed
224 1413 304 1470 iuxta
332 1411 449 1470 chorum
477 1428 640 1485 remanens,
671 1410 785 1469 residua
813 1409 963 1485 peraudire
991 1407 1090 1468 voluit.

68 1493 188 1572 Cumque
207 1499 337 1574 inceptus
354 1499 453 1564 fuisset
472 1497 605 1574 hymnus,
628 1499 668 1562 Tc
681 1499 780 1556 Deum
802 1497 970 1568 laudemus,
995 1495 1091 1554 coelos

66 1581 129 1640 vidit
142 1587 249 1660 aperiri,
271 1590 300 1643 et
313 1588 342 1642 in
362 1581 466 1663 ipsos²)
489 1585 607 1644 chorum
629 1602 693 1644 cum
708 1584 888 1642 cantantibus
897 1581 917 1662 ³)
939 1582 1091 1641 sublevari.

67 1665 179 1742 Quando
206 1677 325 1731 ventum
355 1679 399 1731 est
418 1671 456 1730 ad
476 1672 572 1730 locum
591 1671 683 1730 illum:
715 1671 779 1729 Tibi
801 1687 899 1730 omnes
921 1670 1033 1745 ampeli,
1062 1675 1092 1728 et

66 1755 178 1834 telique,
209 1759 282 1820 vidit
308 1761 455 1821 universos
476 1759 589 1818 ordines
609 1757 774 1834 angelorum
796 1763 825 1816 et
844 1757 1021 1832 singulorum
1042 1771 1091 1814 or-

67 1839 155 1908 doum
174 1845 293 1922 angelos
313 1845 450 1922 singulos,
471 1845 599 1908 demissis
607 1841 629 1925 ⁴)
651 1845 791 1920 capitibus
805 1843 941 1920 flexisque
955 1843 1092 1920 genibus,

68 1931 189 1998 rutubus
210 1934 333 1998 extensis
354 1933 450 1992 Deum
471 1933 602 2008 adorare,
629 1931 714 1992 simul
736 1931 867 1994 omnibus
888 1930 1092 2014 proclamantia

69 2012 130 2092 bue,
149 2018 289 2092 uaccae,
311 2027 445 2092 sauctae,
466 2027 585 2081 roratur
606 2020 754 2079 Donnes
775 2019 859 2082 Deus
879 2018 1020 2091 Sabaoth,
1042 2017 1092 2092 qui

69 2103 210 2166 matutam
236 2123 420 2182 personarum
444 2109 603 2166 inanitate
625 2107 764 2166 essentiae
786 2103 1001 2168 confitebantur.
1043 2103 1092 2167 Si-

70 2187 127 2251 mile
146 2191 271 2260 lecerunt
290 2191 423 2269 Apostoli
443 2191 482 2252 ad
501 2193 582 2258 illum
602 2193 711 2252 locum:
735 2193 775 2252 Tc
796 2193 940 2267 ploramus
961 2193 1092 2266 Aposto-

69 2273 157 2342 lorum
183 2279 295 2338 emme.
337 2279 375 2341 Et
403 2297 468 2340 cum
491 2279 594 2350 chorus
614 2281 779 2355 incepisset,
810 2280 850 2344 Te
871 2279 1094 2354 Prophetarum

69 2359 215 2426 laudabilis
235 2383 385 2440 memmae,
407 2366 699 2428 omnesPatriarchae
722 2373 750 2424 et
761 2365 923 2442 Prophetae
944 2364 1092 2441 praedicto

69 2447 146 2520 modo
172 2452 337 2522 adorabant.
379 2454 527 2516 Venerunt
556 2459 585 2514 et
605 2453 747 2530 Martyres
775 2455 804 2514 ia
824 2454 884 2520 suis
906 2452 1093 2518 distinctioni·-

70 2531 130 2612 bua,
158 2544 185 2598 et
202 2542 232 2598 in
252 2541 381 2616 proximo
402 2541 558 2615 versiculo,
585 2541 707 2616 seilicet,
731 2541 771 2600 Tc
793 2541 964 2618 Martyrum
986 2539 1091 2600 condi·
1152 2597 1164 2616 „x

70 2619 150 2685 dotus
169 2627 274 2686 laudat
295 2630 452 2700 exemtus,
472 2629 502 2686 in
522 2612 636 2688 laudem
659 2632 839 2704 erumpentes
860 2628 1001 2688 maiestati
1021 2642 1092 2701 pro-

70 2708 199 2772 dietant
228 2713 310 2774 Idem
325 2713 359 2774 de
375 2713 588 2774 Confessoribus
603 2714 682 2790 vidit,
703 2721 790 2791 atque
803 2713 978 2790 Virginibus.
1000 2711 1091 2774 Cum—

68 2810 119 2870 que
144 2806 282 2866 exuemus
312 2800 411 2878 hymni
433 2801 605 2877 versiculus,
630 2799 661 2863 id
689 2807 733 2862 est
760 2802 799 2864 Ire
827 2807 853 2860 re
874 2801 1003 2862 Domine
1023 2815 1090 2874 spe-

69 2887 144 2958 ravi,
163 2903 222 2956 oon
244 2887 415 2964 confundar
442 2891 474 2948 irc
495 2895 663 2962 aeteruum,
695 2887 904 2962 decantaretur,
928 2885 1031 2946 chorus
1052 2883 1091 2948 ad

69 2973 162 3034 unam
189 2973 350 3054 descendit,
380 2980 408 3036 et
436 2974 547 3040 coelum
572 2993 603 3036 se
626 2974 735 3036 cleudt.
777 2973 879 3040 Puella
900 2974 996 3032 omnia
1017 2971 1090 3042 haer

71 3057 159 3122 ridens
180 3067 208 3123 et
217 3064 371 3138 suspirans,
392 3078 423 3126 se
444 3065 524 3126 tauto
543 3063 619 3122 bono
641 3061 837 3128 defraudatam
859 3059 950 3120 oculis
969 3061 1090 3135 propriis

70 3155 214 3224 conquesta
246 3156 298 3211 cst.
343 3148 471 3224 Cumque
499 3150 622 3216 ubertim
649 3149 745 3225 fleret,
773 3153 802 3216 et
833 3163 918 3209 mane
945 3147 1091 3210 sororibus

70 3245 175 3297 ausam
194 3237 413 3311 saturandum,
434 3239 526 3298 visum
549 3236 641 3296 dicere
661 3234 765 3310 nollet,
793 3237 929 3311 magistra
950 3250 1014 3298 eam
1034 3250 1090 3309 ag·

71 3331 158 3390 gemae
171 3329 222 3382 est
265 3322 320 3382 Cui
335 3323 494 3398 respondit:
516 3321 598 3382 Deus
624 3323 708 3382 vobis
729 3324 858 3399 ignoscat
880 3319 957 3397 quod
979 3326 1090 3382 tentam

70 3403 130 3464 mihi
150 3405 298 3490 gratamrt
327 3409 383 3470 hae
409 3415 493 3470 nocte
515 3411 703 3488 subnexistia.
744 3409 783 3469 Et
803 3411 933 3468 recitavit
954 3408 980 3466 ei
1000 3408 1091 3466 visio·

70 3505 135 3555 neu.
176 3495 228 3564 Cui
247 3496 309 3566 illa:
341 3496 407 3558 Noli
427 3497 495 3560 flere
516 3497 593 3556 bona
614 3496 690 3574 filia,
718 3513 865 3574 uunquam
887 3494 923 3562 de
945 3498 1039 3554 cetero
1060 3499 1090 3552 te

86 3641 111 3712 1)
126 3651 268 3710 nocturum,
286 3645 395 3698 officium
413 3645 566 3732 nocturnale.
601 3645 688 3702 Noctis
701 3645 801 3716 vigiliae
820 3653 928 3716 quatuor
945 3649 1025 3704 erant,
1042 3639 1090 3692 ha-

127 3712 250 3782 bebatque
277 3714 405 3784 quaelibet
431 3717 517 3836 vinlia
541 3724 596 3767 tres
622 3715 706 3769 horas.
740 3745 770 3758 ·-
798 3715 831 3782 2)
854 3713 874 3766 B
906 3710 1031 3762 coelum
1056 3737 1087 3750 -

127 3783 237 3850 ipsam.
256 3813 289 3826 -
313 3785 345 3850 3)
363 3784 384 3837 G
402 3800 457 3852 psa
477 3785 629 3838 lentibus.
650 3813 680 3828 -
699 3785 732 3854 4)
749 3784 772 3836 Β
794 3781 948 3836 dimissis,
966 3807 997 3824 -η
1017 3775 1089 3844 5)Β

127 3855 263 3928 gratiam
281 3869 316 3906 ac
334 3853 496 3909 bonorem.
955 3875 957 3884 ’
