2512 4254
312 311 367 372 Du
388 311 571 374 DIVERSIS
593 311 828 377 VISIONIBUS.
1030 318 1089 375 103

69 447 150 507 usqua
163 431 248 494 hodie
262 432 390 494 Christus
408 435 437 494 in
457 433 516 494 suis
537 435 672 495 membris
686 433 858 512 crucifigitur
870 430 896 518 ¹),
915 451 991 496 nunc
1003 453 1022 496 a
1033 435 1091 496 Ju-

69 516 146 596 daeis,
165 537 241 583 nunc
257 521 461 596 aSarracenis,
481 539 558 580 nuno
580 539 598 581 a
618 521 696 581 falsis
718 521 893 581 Christianis.
935 519 1020 582 Unde
1040 539 1092 600 per

67 601 230 668 Malachiam
252 610 432 684 conqueritur
454 607 564 667 dicens:
585 608 619 668 Si
641 609 728 667 homo
751 609 868 685 conpiqit
889 609 997 682 Deum,
1020 613 1091 687 quia

67 709 112 750 ooo
122 715 165 754 mc
176 697 324 772 ccuqipitra.
345 694 427 754 Item:
438 693 596 754 Etooome
607 695 749 772 contipittr
760 711 830 771 perra
845 702 908 754 toto
915 691 948 764 ²).
971 693 1091 755 Christi-

66 799 128 844 anos
146 785 250 842 nostris
271 782 449 858 temporibus
470 799 488 841 a
509 779 630 841 Judaeis
653 799 716 842 esse
739 781 888 841 crucifixos
909 779 1050 862 audivi³);
1073 802 1091 842 a

66 869 222 929 Christianis
239 867 363 945 aliquem
384 867 422 926 ad
443 867 565 928 litteram
587 885 650 928 esse
672 867 836 928 crucifixum
857 867 986 927 nondum
1007 868 1091 928 audi-

66 945 262 1034 vi3'quosdam
283 973 302 1014 a
323 954 486 1016 Sarracauis
507 971 598 1031 nuper
618 955 705 1014 irrisae
728 954 876 1015 crucifixos
897 954 1031 1014 intellexi.

374 1179 608 1241 cAPITULUM
627 1180 776 1242 XXVIII.

112 1301 185 1393 item
206 1303 241 1364 de
261 1301 427 1364 concivibus
457 1320 531 1378 quor
552 1303 769 1378 modicarum,
790 1319 857 1362 cam
879 1302 1038 1379 confaqere

381 1390 488 1450 vadent
500 1389 551 1458 ,ad
573 1387 761 1450 Claudanoa

121 1509 289 1590 supradicta
318 1508 456 1570 Damiata
485 1527 551 1571 cum
578 1529 631 1588 per
659 1509 836 1570 obsidionem
863 1510 985 1570 multum
1015 1518 1092 1572 essct

65 1602 163 1674 atam,
186 1594 302 1675 qnidam
324 1615 359 1657 ex
379 1600 500 1675 paganis
522 1597 633 1680 occulte
655 1603 791 1656 exermtes
813 1597 848 1656 de
871 1600 1000 1672 civitate,
1028 1605 1090 1658 tum

66 1687 94 1742 ut
119 1683 266 1746 chistiani
292 1683 407 1761 fierent,
435 1690 496 1744 tum
524 1691 557 1743 ut
582 1690 704 1744 mortem
726 1683 892 1760 evaderent,
919 1684 1089 1744 adnostros

67 1770 206 1848 mniogera
227 1778 390 1848 coeperunt
433 1770 514 1848 Quos
534 1771 685 1832 Sarraceni
704 1772 886 1846 insequentes
908 1777 937 1830 et
957 1787 1090 1847 compre-

66 1854 211 1919 tendentes
222 1858 405 1933 reduxerunt,
427 1858 601 1940 singulisque
618 1859 751 1918 crucibus
772 1857 900 1934 singulos
921 1857 1090 1933 appenden-

66 1947 117 2018 tes,
144 1944 181 2004 ad
207 1945 402 2008 coniusIonem
424 1943 647 2004 Christianorum
672 1953 763 2020 ¹supra
783 1961 880 2004 muros
902 1960 1001 2004 omnes
1022 1962 1089 2004 aus-

66 2029 219 2104 pendentur
260 2028 464 2092 NOVICIUS:
488 2031 564 2108 Quid
585 2031 764 2092 sentiendum
786 2038 830 2091 est
851 2031 887 2092 de
908 2030 990 2090 istis?
1011 2030 1089 2091 ΜΟ-

66 2113 226 2180 uuanda:
255 2119 287 2180 Si
314 2117 402 2178 fidem
428 2118 578 2194 sitiebant,
605 2125 634 2179 et
664 2121 692 2177 in
721 2118 778 2177 lide
806 2121 906 2178 timore
931 2136 1089 2195 poenarum

65 2219 117 2262 non
135 2207 287 2282 nutabant,
310 2205 389 2266 haud
411 2205 531 2268 dubium
553 2207 621 2281 quin
641 2212 780 2282 martyres
801 2208 866 2266 sint.
908 2205 974 2264 Non
995 2205 1089 2265 solum

65 2289 99 2348 ab
118 2289 273 2354 infidelibus
295 2291 423 2354 Christus
443 2294 653 2370 martyrizatur,
679 2292 731 2352 sed
753 2294 838 2352 etiam
860 2291 982 2354 amalis
1005 2291 1088 2352 Chri·

66 2377 154 2440 rianio
166 2395 216 2456 par
234 2396 395 2458 pauperum
415 2381 532 2440 iniurias
554 2379 679 2456 quotidie
701 2378 851 2457 configitur
872 2385 901 2440 et
920 2378 1088 2456 flagellatur.

385 2604 617 2667 CAPITULUM
634 2603 755 2666 XXIX.

113 2725 157 2784 Da
177 2699 294 2790 Cirrata,
312 2731 365 2806 qai
385 2731 418 2788 in
433 2747 568 2805 parspere
589 2735 764 2804 conquestus
785 2734 827 2787 eal
848 2744 988 2790 amomo
1009 2746 1039 2786 se

420 2814 513 2892 fuluas
527 2832 711 2892 percussum.

122 2930 182 2994 lion
208 2941 253 2995 est
282 2932 332 2994 diu
360 2933 438 3011 quod
461 2934 577 3012 quidam
598 2951 708 3012 pauper
728 2936 825 2994 nescio
848 2951 906 3008 qua
925 2931 1088 3008 impellente

66 3022 220 3082 russato
248 3021 329 3096 loqui
354 3021 455 3082 volens
480 3021 607 3082 Henricc
635 3019 712 3081 Duci
732 3021 894 3095 Lautulae,
923 3022 972 3095 qui
992 3018 1088 3079 adhuc

66 3113 194 3183 lupercal,
226 3109 420 3184 praesentiam
454 3108 528 3168 illius
564 3109 642 3168 adire
676 3109 805 3167 tentavit.
847 3105 902 3166 ¹Cui
927 3123 993 3166 cum
1013 3125 1087 3166 nnus

67 3197 271 3254 oamuariorum
298 3193 478 3270 indignatus,
505 3194 630 3271 scapulis
659 3211 725 3254 eum
751 3193 910 3270 impelleret
931 3199 961 3253 et
979 3195 1087 3269 passim

67 3273 156 3340 burlo
184 3281 317 3342 caederet
344 3283 406 3341 sino
427 3281 635 3358 misericordia,
657 3297 813 3340 conversos
842 3281 958 3357 qnidam
983 3279 1088 3340 ordinis

67 3369 145 3425 noemi
171 3365 226 3446 hoc
254 3367 327 3428 vidit
355 3375 385 3427 et
404 3370 557 3446 ingemuit,
583 3385 749 3444 compassus
770 3367 810 3426 illi
830 3372 916 3428 etiam
936 3384 1028 3443 usquc
1049 3365 1086 3425 ad

67 3445 191 3515 hadmar.
234 3455 427 3530 subsequenti
450 3463 534 3516 nocte
558 3455 693 3516 Salvator
714 3458 739 3514 ei
759 3457 789 3514 in
810 3458 918 3515 somnis
946 3469 1087 3531 apparens

67 3551 141 3614 lupar
166 3541 254 3603 altare
275 3543 304 3602 in
330 3541 423 3620 gloria
449 3559 570 3620 magua,
598 3545 656 3602 ait:
686 3539 800 3602 Gratias
819 3539 898 3623 τῶν)
928 3541 1006 3618 quod
1026 3540 1087 3598 heri

68 3627 165 3688 toruum
196 3629 266 3690 mihi
298 3645 465 3706 compassus
487 3647 534 3705 es,
567 3628 682 3705 quando
711 3631 883 3690 camemrins
909 3627 1001 3687 Ducis
1026 3634 1085 3686 tarn

84 3809 110 3878 l)
125 3809 143 3864 l’
158 3813 387 3938 crucliiffiatur.
407 3845 438 3856 -
457 3815 490 3886 2)
507 3813 611 3869 llalaclr.
630 3816 656 3882 3,
673 3815 734 3869 8.9.
754 3844 784 3855 -
804 3811 836 3882 3)
855 3815 875 3867 Β
893 3811 1084 3865 audivimus.

127 3911 156 3924 -
173 3884 204 3954 4)
221 3883 241 3938 B
260 3886 284 3938 ti
312 3885 407 3955 ingo.
977 3891 981 3900 ·
