<?xml version="1.0" encoding="UTF-8"?>
<!DOCTYPE html PUBLIC "-//W3C//DTD XHTML 1.0 Transitional//EN"
    "http://www.w3.org/TR/xhtml1/DTD/xhtml1-transitional.dtd">
<html xmlns="http://www.w3.org/1999/xhtml" xml:lang="en" lang="en">
 <head>
  <title>
</title>
<meta http-equiv="Content-Type" content="text/html;charset=utf-8" />
  <meta name='ocr-system' content='tesseract 3.04.00' />
  <meta name='ocr-capabilities' content='ocr_page ocr_carea ocr_par ocr_line ocrx_word'/>
</head>
<body>
  <div class='ocr_page' id='page_1' title='image "./caesariiheister02stragoog_0319.png"; bbox 0 0 2562 4246; ppageno 0'>
   <div class='ocr_carea' id='block_1_1' title="bbox 180 207 939 328">
    <p class='ocr_par' dir='ltr' id='par_1_1' title="bbox 180 207 939 328">
     <span class='ocr_line' id='line_1_1' title="bbox 180 207 939 328; baseline 0 -1"><span class='ocrx_word' id='word_1_1' title='bbox 180 207 256 328; x_wconf 20' lang='lat'>:308</span> <span class='ocrx_word' id='word_1_2' title='bbox 477 251 705 327; x_wconf 65' lang='lat' dir='ltr'>Dfflrmc&#39;iuo</span> <span class='ocrx_word' id='word_1_3' title='bbox 727 263 939 328; x_wconf 77' lang='lat' dir='ltr'>uuuuumu</span> 
     </span>
    </p>
   </div>
   <div class='ocr_carea' id='block_1_2' title="bbox 177 383 1228 810">
    <p class='ocr_par' dir='ltr' id='par_1_2' title="bbox 177 383 1228 810">
     <span class='ocr_line' id='line_1_2' title="bbox 191 383 1228 464; baseline 0.001 -19"><span class='ocrx_word' id='word_1_4' title='bbox 191 399 269 446; x_wconf 84' lang='lat' dir='ltr'>nem.</span> <span class='ocrx_word' id='word_1_5' title='bbox 316 383 374 446; x_wconf 86' lang='lat' dir='ltr'>Diu</span> <span class='ocrx_word' id='word_1_6' title='bbox 401 385 541 462; x_wconf 75' lang='lat' dir='ltr'>quodum,</span> <span class='ocrx_word' id='word_1_7' title='bbox 568 386 683 447; x_wconf 88' lang='lat' dir='ltr'>dnobus</span> <span class='ocrx_word' id='word_1_8' title='bbox 704 403 741 447; x_wconf 82' lang='lat' dir='ltr'>ex</span> <span class='ocrx_word' id='word_1_9' title='bbox 766 389 807 448; x_wconf 87' lang='lat' dir='ltr'>eis</span> <span class='ocrx_word' id='word_1_10' title='bbox 832 386 1011 464; x_wconf 80' lang='lat' dir='ltr'>videntibus,</span> <span class='ocrx_word' id='word_1_11' title='bbox 1039 386 1117 448; x_wconf 86' lang='lat' dir='ltr'>dnus</span> <span class='ocrx_word' id='word_1_12' title='bbox 1144 401 1228 446; x_wconf 71' lang='lat' dir='ltr'>mnes</span> 
     </span>
     <span class='ocr_line' id='line_1_3' title="bbox 177 471 1227 549; baseline 0 -17"><span class='ocrx_word' id='word_1_13' title='bbox 177 471 336 547; x_wconf 68' lang='lat' dir='ltr'>¹Dominus</span> <span class='ocrx_word' id='word_1_14' title='bbox 357 474 385 532; x_wconf 89' lang='lat' dir='ltr'>ei</span> <span class='ocrx_word' id='word_1_15' title='bbox 403 474 534 548; x_wconf 87' lang='lat' dir='ltr'>immisit,</span> <span class='ocrx_word' id='word_1_16' title='bbox 561 491 583 532; x_wconf 81' lang='lat' dir='ltr'>u</span> <span class='ocrx_word' id='word_1_17' title='bbox 607 475 712 549; x_wconf 85' lang='lat' dir='ltr'>quibus</span> <span class='ocrx_word' id='word_1_18' title='bbox 739 481 817 534; x_wconf 87' lang='lat' dir='ltr'>tutus</span> <span class='ocrx_word' id='word_1_19' title='bbox 843 475 985 534; x_wconf 79' lang='lat' dir='ltr'>boeratus</span> <span class='ocrx_word' id='word_1_20' title='bbox 1013 477 1044 534; x_wconf 93' lang='lat' dir='ltr'>et</span> <span class='ocrx_word' id='word_1_21' title='bbox 1070 475 1227 546; x_wconf 79' lang='lat' dir='ltr'>extinctus,</span> 
     </span>
     <span class='ocr_line' id='line_1_4' title="bbox 191 558 1227 637; baseline 0.001 -18"><span class='ocrx_word' id='word_1_22' title='bbox 191 575 316 636; x_wconf 81' lang='lat' dir='ltr'>poenum</span> <span class='ocrx_word' id='word_1_23' title='bbox 328 559 416 620; x_wconf 79' lang='lat' dir='ltr'>solvit</span> <span class='ocrx_word' id='word_1_24' title='bbox 427 558 665 637; x_wconf 74' lang='lat' dir='ltr'>depraedationis,</span> <span class='ocrx_word' id='word_1_25' title='bbox 686 570 774 636; x_wconf 80' lang='lat' dir='ltr'>utque</span> <span class='ocrx_word' id='word_1_26' title='bbox 789 562 924 620; x_wconf 72' lang='lat' dir='ltr'>irrisionis</span> <span class='ocrx_word' id='word_1_27' title='bbox 945 561 1109 622; x_wconf 72' lang='lat' dir='ltr'>divinum</span> <span class='ocrx_word' id='word_1_28' title='bbox 1131 573 1227 620; x_wconf 65' lang='lat' dir='ltr'>sacru</span> 
     </span>
     <span class='ocr_line' id='line_1_5' title="bbox 191 645 1228 723; baseline 0 -18"><span class='ocrx_word' id='word_1_29' title='bbox 191 651 362 706; x_wconf 78' lang='lat' dir='ltr'>mentorum</span> <span class='ocrx_word' id='word_1_30' title='bbox 409 645 487 722; x_wconf 83' lang='lat' dir='ltr'>Quin</span> <span class='ocrx_word' id='word_1_31' title='bbox 512 646 649 723; x_wconf 75' lang='lat' dir='ltr'>praedam</span> <span class='ocrx_word' id='word_1_32' title='bbox 676 646 831 707; x_wconf 82' lang='lat' dir='ltr'>homicidis</span> <span class='ocrx_word' id='word_1_33' title='bbox 859 645 1022 723; x_wconf 76' lang='lat' dir='ltr'>ireqoenter</span> <span class='ocrx_word' id='word_1_34' title='bbox 1053 653 1228 723; x_wconf 84' lang='lat' dir='ltr'>sequnntur,</span> 
     </span>
     <span class='ocr_line' id='line_1_6' title="bbox 191 729 1228 810; baseline 0 -18"><span class='ocrx_word' id='word_1_35' title='bbox 191 729 290 809; x_wconf 75' lang='lat' dir='ltr'>ulique</span> <span class='ocrx_word' id='word_1_36' title='bbox 299 732 353 792; x_wconf 88' lang='lat' dir='ltr'>tibi</span> <span class='ocrx_word' id='word_1_37' title='bbox 371 732 514 808; x_wconf 83' lang='lat' dir='ltr'>proicrcm</span> <span class='ocrx_word' id='word_1_38' title='bbox 531 733 662 810; x_wconf 79' lang='lat' dir='ltr'>exemplu</span> <span class='ocrx_word' id='word_1_39' title='bbox 675 733 712 794; x_wconf 86' lang='lat' dir='ltr'>de</span> <span class='ocrx_word' id='word_1_40' title='bbox 731 740 825 793; x_wconf 86' lang='lat' dir='ltr'>morte</span> <span class='ocrx_word' id='word_1_41' title='bbox 837 733 991 794; x_wconf 74' lang='lat' dir='ltr'>miserabili</span> <span class='ocrx_word' id='word_1_42' title='bbox 1010 733 1228 796; x_wconf 75' lang='lat' dir='ltr'>homicidarum.</span> 
     </span>
    </p>
   </div>
   <div class='ocr_carea' id='block_1_3' title="bbox 539 885 881 950">
    <p class='ocr_par' dir='ltr' id='par_1_3' title="bbox 539 885 881 950">
     <span class='ocr_line' id='line_1_7' title="bbox 539 885 881 950; baseline 0.003 -3"><span class='ocrx_word' id='word_1_43' title='bbox 539 885 772 950; x_wconf 82' lang='lat' dir='ltr'>CAPITULUM</span> <span class='ocrx_word' id='word_1_44' title='bbox 801 887 881 949; x_wconf 84' lang='lat' dir='ltr'>LIV.</span> 
     </span>
    </p>
   </div>
   <div class='ocr_carea' id='block_1_4' title="bbox 288 1008 1129 1156">
    <p class='ocr_par' dir='ltr' id='par_1_4' title="bbox 288 1008 1129 1156">
     <span class='ocr_line' id='line_1_8' title="bbox 288 1008 1129 1087; baseline 0.002 -19"><span class='ocrx_word' id='word_1_45' title='bbox 288 1009 338 1068; x_wconf 83' lang='lat' dir='ltr'>De</span> <span class='ocrx_word' id='word_1_46' title='bbox 356 1014 452 1068; x_wconf 81' lang='lat' dir='ltr'>morte</span> <span class='ocrx_word' id='word_1_47' title='bbox 472 1009 623 1069; x_wconf 72' lang='lat' dir='ltr'>lionoris·</span> <span class='ocrx_word' id='word_1_48' title='bbox 643 1008 883 1069; x_wconf 75' lang='lat' dir='ltr'>Monosteriensis</span> <span class='ocrx_word' id='word_1_49' title='bbox 903 1013 956 1087; x_wconf 79' lang='lat' dir='ltr'>poi</span> <span class='ocrx_word' id='word_1_50' title='bbox 976 1014 1129 1070; x_wconf 63' lang='lat' dir='ltr'>eorunm</span> 
     </span>
     <span class='ocr_line' id='line_1_9' title="bbox 600 1096 824 1156; baseline -0.009 0"><span class='ocrx_word' id='word_1_51' title='bbox 600 1109 689 1156; x_wconf 72' lang='lat' dir='ltr'>smum</span> <span class='ocrx_word' id='word_1_52' title='bbox 712 1096 824 1156; x_wconf 79' lang='lat' dir='ltr'>oceidit.</span> 
     </span>
    </p>
   </div>
   <div class='ocr_carea' id='block_1_5' title="bbox 192 1213 1226 1642">
    <p class='ocr_par' dir='ltr' id='par_1_5' title="bbox 192 1213 1226 1642">
     <span class='ocr_line' id='line_1_10' title="bbox 255 1213 1226 1292; baseline -0.002 -18"><span class='ocrx_word' id='word_1_53' title='bbox 255 1213 313 1274; x_wconf 77' lang='lat' dir='ltr'>VIx</span> <span class='ocrx_word' id='word_1_54' title='bbox 334 1215 402 1274; x_wconf 80' lang='lat' dir='ltr'>anni</span> <span class='ocrx_word' id='word_1_55' title='bbox 422 1213 480 1275; x_wconf 87' lang='lat' dir='ltr'>duc</span> <span class='ocrx_word' id='word_1_56' title='bbox 502 1213 591 1292; x_wconf 79' lang='lat' dir='ltr'>elapsi</span> <span class='ocrx_word' id='word_1_57' title='bbox 604 1221 672 1276; x_wconf 91' lang='lat' dir='ltr'>sunt</span> <span class='ocrx_word' id='word_1_58' title='bbox 692 1213 771 1292; x_wconf 86' lang='lat' dir='ltr'>quod</span> <span class='ocrx_word' id='word_1_59' title='bbox 784 1216 855 1275; x_wconf 87' lang='lat' dir='ltr'>civis</span> <span class='ocrx_word' id='word_1_60' title='bbox 877 1213 993 1291; x_wconf 82' lang='lat' dir='ltr'>quidam</span> <span class='ocrx_word' id='word_1_61' title='bbox 1013 1213 1226 1276; x_wconf 83' lang='lat' dir='ltr'>Monssterien·</span> 
     </span>
     <span class='ocr_line' id='line_1_11' title="bbox 192 1299 1226 1379; baseline 0 -19"><span class='ocrx_word' id='word_1_62' title='bbox 192 1302 231 1360; x_wconf 91' lang='lat' dir='ltr'>sis</span> <span class='ocrx_word' id='word_1_63' title='bbox 252 1299 401 1361; x_wconf 84' lang='lat' dir='ltr'>deiimctus</span> <span class='ocrx_word' id='word_1_64' title='bbox 424 1307 475 1361; x_wconf 88' lang='lat' dir='ltr'>cst</span> <span class='ocrx_word' id='word_1_65' title='bbox 516 1299 574 1362; x_wconf 88' lang='lat' dir='ltr'>Hie</span> <span class='ocrx_word' id='word_1_66' title='bbox 596 1319 661 1362; x_wconf 92' lang='lat' dir='ltr'>cum</span> <span class='ocrx_word' id='word_1_67' title='bbox 683 1301 800 1361; x_wconf 90' lang='lat' dir='ltr'>domum</span> <span class='ocrx_word' id='word_1_68' title='bbox 821 1312 850 1362; x_wconf 90' lang='lat' dir='ltr'>ct</span> <span class='ocrx_word' id='word_1_69' title='bbox 869 1304 1006 1379; x_wconf 86' lang='lat' dir='ltr'>pecunius</span> <span class='ocrx_word' id='word_1_70' title='bbox 1034 1302 1140 1363; x_wconf 74' lang='lat' dir='ltr'>multum</span> <span class='ocrx_word' id='word_1_71' title='bbox 1168 1301 1226 1360; x_wconf 90' lang='lat' dir='ltr'>filiu</span> 
     </span>
     <span class='ocr_line' id='line_1_12' title="bbox 192 1387 1225 1464; baseline -0.002 -18"><span class='ocrx_word' id='word_1_72' title='bbox 192 1403 245 1446; x_wconf 90' lang='lat' dir='ltr'>suu</span> <span class='ocrx_word' id='word_1_73' title='bbox 272 1389 356 1447; x_wconf 88' lang='lat' dir='ltr'>unico</span> <span class='ocrx_word' id='word_1_74' title='bbox 383 1387 549 1464; x_wconf 88' lang='lat' dir='ltr'>dimisisset,</span> <span class='ocrx_word' id='word_1_75' title='bbox 576 1388 623 1448; x_wconf 87' lang='lat' dir='ltr'>ille</span> <span class='ocrx_word' id='word_1_76' title='bbox 652 1387 795 1448; x_wconf 77' lang='lat' dir='ltr'>luxuriose</span> <span class='ocrx_word' id='word_1_77' title='bbox 823 1388 947 1449; x_wconf 85' lang='lat' dir='ltr'>vivendo</span> <span class='ocrx_word' id='word_1_78' title='bbox 975 1405 1041 1448; x_wconf 88' lang='lat' dir='ltr'>eum</span> <span class='ocrx_word' id='word_1_79' title='bbox 1067 1389 1225 1449; x_wconf 85' lang='lat' dir='ltr'>meretrici-</span> 
     </span>
     <span class='ocr_line' id='line_1_13' title="bbox 192 1473 1226 1551; baseline 0 -19"><span class='ocrx_word' id='word_1_80' title='bbox 192 1473 247 1532; x_wconf 90' lang='lat' dir='ltr'>bus</span> <span class='ocrx_word' id='word_1_81' title='bbox 267 1478 297 1533; x_wconf 87' lang='lat' dir='ltr'>et</span> <span class='ocrx_word' id='word_1_82' title='bbox 317 1475 347 1532; x_wconf 89' lang='lat' dir='ltr'>iu</span> <span class='ocrx_word' id='word_1_83' title='bbox 371 1473 496 1534; x_wconf 80' lang='lat' dir='ltr'>tabernis</span> <span class='ocrx_word' id='word_1_84' title='bbox 525 1477 621 1536; x_wconf 85' lang='lat' dir='ltr'>omniu</span> <span class='ocrx_word' id='word_1_85' title='bbox 648 1492 702 1534; x_wconf 83' lang='lat' dir='ltr'>suu</span> <span class='ocrx_word' id='word_1_86' title='bbox 729 1474 847 1536; x_wconf 82' lang='lat' dir='ltr'>mobilis</span> <span class='ocrx_word' id='word_1_87' title='bbox 872 1477 1057 1551; x_wconf 86' lang='lat' dir='ltr'>consumpsit</span> <span class='ocrx_word' id='word_1_88' title='bbox 1098 1475 1226 1534; x_wconf 90' lang='lat' dir='ltr'>Domum</span> 
     </span>
     <span class='ocr_line' id='line_1_14' title="bbox 192 1555 1224 1642; baseline -0.001 -23"><span class='ocrx_word' id='word_1_89' title='bbox 192 1575 261 1619; x_wconf 84' lang='lat' dir='ltr'>vero</span> <span class='ocrx_word' id='word_1_90' title='bbox 283 1562 391 1621; x_wconf 86' lang='lat' dir='ltr'>sororio</span> <span class='ocrx_word' id='word_1_91' title='bbox 413 1577 465 1620; x_wconf 91' lang='lat' dir='ltr'>suo</span> <span class='ocrx_word' id='word_1_92' title='bbox 486 1561 622 1635; x_wconf 83' lang='lat' dir='ltr'>vendens,</span> <span class='ocrx_word' id='word_1_93' title='bbox 644 1566 674 1620; x_wconf 89' lang='lat' dir='ltr'>ct</span> <span class='ocrx_word' id='word_1_94' title='bbox 685 1555 702 1642; x_wconf 90' lang='lat'>¹)</span> <span class='ocrx_word' id='word_1_95' title='bbox 725 1562 833 1636; x_wconf 86' lang='lat' dir='ltr'>abiens,</span> <span class='ocrx_word' id='word_1_96' title='bbox 853 1563 977 1637; x_wconf 86' lang='lat' dir='ltr'>pretium</span> <span class='ocrx_word' id='word_1_97' title='bbox 998 1561 1072 1620; x_wconf 89' lang='lat' dir='ltr'>iliius</span> <span class='ocrx_word' id='word_1_98' title='bbox 1092 1563 1122 1620; x_wconf 90' lang='lat' dir='ltr'>in</span> <span class='ocrx_word' id='word_1_99' title='bbox 1144 1561 1224 1620; x_wconf 82' lang='lat' dir='ltr'>brevi</span> 
     </span>
    </p>
   </div>
   <div class='ocr_carea' id='block_1_6' title="bbox 192 1644 1224 3708">
    <p class='ocr_par' dir='ltr' id='par_1_6' title="bbox 192 1644 1224 3708">
     <span class='ocr_line' id='line_1_15' title="bbox 193 1644 1224 1723; baseline -0.001 -18"><span class='ocrx_word' id='word_1_100' title='bbox 193 1644 368 1722; x_wconf 74' lang='lat' dir='ltr'>dilapidavit</span> <span class='ocrx_word' id='word_1_101' title='bbox 410 1646 588 1708; x_wconf 72' lang='lat' dir='ltr'>Necessitate</span> <span class='ocrx_word' id='word_1_102' title='bbox 609 1647 809 1723; x_wconf 81' lang='lat' dir='ltr'>compeliente,</span> <span class='ocrx_word' id='word_1_103' title='bbox 834 1646 872 1707; x_wconf 86' lang='lat' dir='ltr'>ad</span> <span class='ocrx_word' id='word_1_104' title='bbox 894 1646 1016 1708; x_wconf 88' lang='lat' dir='ltr'>eundem</span> <span class='ocrx_word' id='word_1_105' title='bbox 1038 1665 1122 1706; x_wconf 88' lang='lat' dir='ltr'>snum</span> <span class='ocrx_word' id='word_1_106' title='bbox 1141 1662 1224 1706; x_wconf 89' lang='lat' dir='ltr'>soro·</span> 
     </span>
     <span class='ocr_line' id='line_1_16' title="bbox 192 1731 1223 1810; baseline -0.001 -19"><span class='ocrx_word' id='word_1_107' title='bbox 192 1734 265 1792; x_wconf 88' lang='lat' dir='ltr'>rium</span> <span class='ocrx_word' id='word_1_108' title='bbox 286 1733 406 1808; x_wconf 84' lang='lat' dir='ltr'>rediens,</span> <span class='ocrx_word' id='word_1_109' title='bbox 427 1734 465 1794; x_wconf 84' lang='lat' dir='ltr'>sb</span> <span class='ocrx_word' id='word_1_110' title='bbox 488 1751 523 1795; x_wconf 90' lang='lat' dir='ltr'>eo</span> <span class='ocrx_word' id='word_1_111' title='bbox 544 1741 605 1792; x_wconf 81' lang='lat' dir='ltr'>uum</span> <span class='ocrx_word' id='word_1_112' title='bbox 626 1740 742 1810; x_wconf 84' lang='lat' dir='ltr'>proptor</span> <span class='ocrx_word' id='word_1_113' title='bbox 761 1750 889 1809; x_wconf 87' lang='lat' dir='ltr'>uxorem,</span> <span class='ocrx_word' id='word_1_114' title='bbox 911 1739 1102 1810; x_wconf 78' lang='lat' dir='ltr'>urmpropter</span> <span class='ocrx_word' id='word_1_115' title='bbox 1121 1731 1223 1796; x_wconf 82' lang='lat' dir='ltr'>vendi·</span> 
     </span>
     <span class='ocr_line' id='line_1_17' title="bbox 192 1817 1223 1900; baseline -0.003 -20"><span class='ocrx_word' id='word_1_116' title='bbox 192 1826 252 1880; x_wconf 79' lang='lat' dir='ltr'>tum</span> <span class='ocrx_word' id='word_1_117' title='bbox 277 1822 487 1897; x_wconf 86' lang='lat' dir='ltr'>possessionem</span> <span class='ocrx_word' id='word_1_118' title='bbox 515 1817 674 1900; x_wconf 87' lang='lat' dir='ltr'>detentus²)</span> <span class='ocrx_word' id='word_1_119' title='bbox 704 1827 756 1880; x_wconf 89' lang='lat' dir='ltr'>est.</span> <span class='ocrx_word' id='word_1_120' title='bbox 803 1817 898 1896; x_wconf 86' lang='lat' dir='ltr'>Quem</span> <span class='ocrx_word' id='word_1_121' title='bbox 926 1838 993 1880; x_wconf 83' lang='lat' dir='ltr'>cuns</span> <span class='ocrx_word' id='word_1_122' title='bbox 1018 1822 1146 1897; x_wconf 40' lang='lat' dir='ltr'>primum,</span> <span class='ocrx_word' id='word_1_123' title='bbox 1168 1819 1223 1878; x_wconf 94' lang='lat' dir='ltr'>bo-</span> 
     </span>
     <span class='ocr_line' id='line_1_18' title="bbox 192 1906 1222 1984; baseline -0.002 -18"><span class='ocrx_word' id='word_1_124' title='bbox 192 1909 272 1966; x_wconf 81' lang='lat' dir='ltr'>nbstc</span> <span class='ocrx_word' id='word_1_125' title='bbox 293 1909 378 1981; x_wconf 87' lang='lat' dir='ltr'>sutis,</span> <span class='ocrx_word' id='word_1_126' title='bbox 403 1923 439 1966; x_wconf 86' lang='lat' dir='ltr'>su</span> <span class='ocrx_word' id='word_1_127' title='bbox 459 1906 562 1967; x_wconf 90' lang='lat' dir='ltr'>deinde</span> <span class='ocrx_word' id='word_1_128' title='bbox 582 1907 771 1984; x_wconf 79' lang='lat' dir='ltr'>negligentius</span> <span class='ocrx_word' id='word_1_129' title='bbox 792 1912 940 1983; x_wconf 69' lang='lat' dir='ltr'>uouisset,</span> <span class='ocrx_word' id='word_1_130' title='bbox 965 1907 1013 1967; x_wconf 90' lang='lat' dir='ltr'>ille</span> <span class='ocrx_word' id='word_1_131' title='bbox 1035 1924 1072 1968; x_wconf 85' lang='lat' dir='ltr'>ex</span> <span class='ocrx_word' id='word_1_132' title='bbox 1091 1906 1222 1982; x_wconf 83' lang='lat' dir='ltr'>indignu-</span> 
     </span>
     <span class='ocr_line' id='line_1_19' title="bbox 192 1991 1222 2070; baseline 0 -18"><span class='ocrx_word' id='word_1_133' title='bbox 192 1993 269 2052; x_wconf 86' lang='lat' dir='ltr'>iioue</span> <span class='ocrx_word' id='word_1_134' title='bbox 291 2007 357 2051; x_wconf 90' lang='lat' dir='ltr'>cum</span> <span class='ocrx_word' id='word_1_135' title='bbox 386 1991 536 2069; x_wconf 87' lang='lat' dir='ltr'>deserens,</span> <span class='ocrx_word' id='word_1_136' title='bbox 561 1992 678 2053; x_wconf 89' lang='lat' dir='ltr'>domum</span> <span class='ocrx_word' id='word_1_137' title='bbox 706 1992 852 2054; x_wconf 82' lang='lat' dir='ltr'>venditum</span> <span class='ocrx_word' id='word_1_138' title='bbox 877 1995 1023 2070; x_wconf 79' lang='lat' dir='ltr'>repetivit,</span> <span class='ocrx_word' id='word_1_139' title='bbox 1049 2009 1081 2054; x_wconf 85' lang='lat' dir='ltr'>se</span> <span class='ocrx_word' id='word_1_140' title='bbox 1102 1995 1222 2053; x_wconf 87' lang='lat' dir='ltr'>circum·</span> 
     </span>
     <span class='ocr_line' id='line_1_20' title="bbox 196 2075 1222 2156; baseline 0.003 -19"><span class='ocrx_word' id='word_1_141' title='bbox 196 2083 314 2138; x_wconf 88' lang='lat' dir='ltr'>ventum</span> <span class='ocrx_word' id='word_1_142' title='bbox 336 2095 523 2154; x_wconf 84' lang='lat' dir='ltr'>conquerens.</span> <span class='ocrx_word' id='word_1_143' title='bbox 562 2079 594 2139; x_wconf 81' lang='lat' dir='ltr'><strong>A</strong></span> <span class='ocrx_word' id='word_1_144' title='bbox 614 2097 759 2156; x_wconf 84' lang='lat' dir='ltr'>quocum</span> <span class='ocrx_word' id='word_1_145' title='bbox 780 2075 849 2138; x_wconf 69' lang='lat' dir='ltr'>nillil</span> <span class='ocrx_word' id='word_1_146' title='bbox 864 2097 916 2156; x_wconf 87' lang='lat' dir='ltr'>per</span> <span class='ocrx_word' id='word_1_147' title='bbox 935 2081 1072 2140; x_wconf 82' lang='lat' dir='ltr'>iustitium</span> <span class='ocrx_word' id='word_1_148' title='bbox 1091 2082 1153 2140; x_wconf 84' lang='lat' dir='ltr'>sive</span> <span class='ocrx_word' id='word_1_149' title='bbox 1172 2095 1222 2155; x_wconf 78' lang='lat' dir='ltr'>pet</span> 
     </span>
     <span class='ocr_line' id='line_1_21' title="bbox 195 2165 1220 2243; baseline -0.002 -19"><span class='ocrx_word' id='word_1_150' title='bbox 195 2165 288 2224; x_wconf 83' lang='lat' dir='ltr'>minas</span> <span class='ocrx_word' id='word_1_151' title='bbox 309 2165 436 2225; x_wconf 85' lang='lat' dir='ltr'>obtinere</span> <span class='ocrx_word' id='word_1_152' title='bbox 456 2172 569 2243; x_wconf 88' lang='lat' dir='ltr'>posset,</span> <span class='ocrx_word' id='word_1_153' title='bbox 597 2167 713 2243; x_wconf 87' lang='lat' dir='ltr'>bipenni</span> <span class='ocrx_word' id='word_1_154' title='bbox 736 2166 817 2226; x_wconf 89' lang='lat' dir='ltr'>illum</span> <span class='ocrx_word' id='word_1_155' title='bbox 843 2168 874 2225; x_wconf 90' lang='lat' dir='ltr'>in</span> <span class='ocrx_word' id='word_1_156' title='bbox 902 2166 996 2228; x_wconf 87' lang='lat' dir='ltr'>medio</span> <span class='ocrx_word' id='word_1_157' title='bbox 1024 2166 1087 2226; x_wconf 85' lang='lat' dir='ltr'>soro</span> <span class='ocrx_word' id='word_1_158' title='bbox 1112 2165 1220 2226; x_wconf 83' lang='lat' dir='ltr'>occidit</span> 
     </span>
     <span class='ocr_line' id='line_1_22' title="bbox 195 2249 1220 2329; baseline -0.001 -19"><span class='ocrx_word' id='word_1_159' title='bbox 195 2249 267 2310; x_wconf 86' lang='lat' dir='ltr'>Mox</span> <span class='ocrx_word' id='word_1_160' title='bbox 294 2252 324 2310; x_wconf 91' lang='lat' dir='ltr'>iu</span> <span class='ocrx_word' id='word_1_161' title='bbox 352 2251 503 2312; x_wconf 84' lang='lat' dir='ltr'>ecclesiam</span> <span class='ocrx_word' id='word_1_162' title='bbox 530 2255 621 2312; x_wconf 81' lang='lat' dir='ltr'>sancti</span> <span class='ocrx_word' id='word_1_163' title='bbox 641 2253 725 2313; x_wconf 79' lang='lat' dir='ltr'>Pauli</span> <span class='ocrx_word' id='word_1_164' title='bbox 751 2253 879 2329; x_wconf 76' lang='lat' dir='ltr'>bugiens,</span> <span class='ocrx_word' id='word_1_165' title='bbox 907 2253 1016 2313; x_wconf 87' lang='lat' dir='ltr'>clericis</span> <span class='ocrx_word' id='word_1_166' title='bbox 1044 2253 1220 2314; x_wconf 75' lang='lat' dir='ltr'>cantantibus</span> 
     </span>
     <span class='ocr_line' id='line_1_23' title="bbox 195 2335 1220 2416; baseline -0.002 -20"><span class='ocrx_word' id='word_1_167' title='bbox 195 2335 322 2398; x_wconf 71' lang='lat' dir='ltr'>clumam</span> <span class='ocrx_word' id='word_1_168' title='bbox 348 2341 458 2416; x_wconf 76' lang='lat' dir='ltr'>coepitz</span> <span class='ocrx_word' id='word_1_169' title='bbox 489 2339 552 2400; x_wconf 88' lang='lat' dir='ltr'>Vos</span> <span class='ocrx_word' id='word_1_170' title='bbox 584 2338 690 2399; x_wconf 87' lang='lat' dir='ltr'>domini</span> <span class='ocrx_word' id='word_1_171' title='bbox 725 2337 868 2399; x_wconf 85' lang='lat' dir='ltr'>defendite</span> <span class='ocrx_word' id='word_1_172' title='bbox 897 2340 1057 2400; x_wconf 82' lang='lat' dir='ltr'>libertatem</span> <span class='ocrx_word' id='word_1_173' title='bbox 1090 2345 1220 2400; x_wconf 81' lang='lat' dir='ltr'>vestrum.</span> 
     </span>
     <span class='ocr_line' id='line_1_24' title="bbox 195 2422 1220 2502; baseline 0.001 -19"><span class='ocrx_word' id='word_1_174' title='bbox 195 2422 281 2499; x_wconf 87' lang='lat' dir='ltr'>Quod</span> <span class='ocrx_word' id='word_1_175' title='bbox 302 2430 331 2484; x_wconf 90' lang='lat' dir='ltr'>et</span> <span class='ocrx_word' id='word_1_176' title='bbox 349 2425 485 2485; x_wconf 88' lang='lat' dir='ltr'>iecerunt.</span> <span class='ocrx_word' id='word_1_177' title='bbox 526 2427 682 2486; x_wconf 85' lang='lat' dir='ltr'>Venientes</span> <span class='ocrx_word' id='word_1_178' title='bbox 695 2425 734 2486; x_wconf 83' lang='lat' dir='ltr'>ad</span> <span class='ocrx_word' id='word_1_179' title='bbox 749 2443 815 2485; x_wconf 90' lang='lat' dir='ltr'>eum</span> <span class='ocrx_word' id='word_1_180' title='bbox 828 2428 881 2486; x_wconf 87' lang='lat' dir='ltr'>viri</span> <span class='ocrx_word' id='word_1_181' title='bbox 901 2426 1022 2502; x_wconf 81' lang='lat' dir='ltr'>bonesti,</span> <span class='ocrx_word' id='word_1_182' title='bbox 1043 2428 1073 2484; x_wconf 92' lang='lat' dir='ltr'>in</span> <span class='ocrx_word' id='word_1_183' title='bbox 1093 2424 1149 2486; x_wconf 84' lang='lat' dir='ltr'>lide</span> <span class='ocrx_word' id='word_1_184' title='bbox 1168 2441 1220 2484; x_wconf 83' lang='lat' dir='ltr'>sus</span> 
     </span>
     <span class='ocr_line' id='line_1_25' title="bbox 194 2509 1219 2590; baseline 0.001 -21"><span class='ocrx_word' id='word_1_185' title='bbox 194 2526 261 2569; x_wconf 91' lang='lat' dir='ltr'>eum</span> <span class='ocrx_word' id='word_1_186' title='bbox 283 2509 405 2572; x_wconf 75' lang='lat' dir='ltr'>educere</span> <span class='ocrx_word' id='word_1_187' title='bbox 425 2511 585 2587; x_wconf 89' lang='lat' dir='ltr'>voluerunt,</span> <span class='ocrx_word' id='word_1_188' title='bbox 606 2511 735 2572; x_wconf 87' lang='lat' dir='ltr'>volentes</span> <span class='ocrx_word' id='word_1_189' title='bbox 755 2515 828 2574; x_wconf 85' lang='lat' dir='ltr'>inter</span> <span class='ocrx_word' id='word_1_190' title='bbox 848 2514 941 2590; x_wconf 87' lang='lat' dir='ltr'>ipsum</span> <span class='ocrx_word' id='word_1_191' title='bbox 960 2519 990 2572; x_wconf 89' lang='lat' dir='ltr'>ct</span> <span class='ocrx_word' id='word_1_192' title='bbox 1009 2514 1095 2573; x_wconf 87' lang='lat' dir='ltr'>occisi</span> <span class='ocrx_word' id='word_1_193' title='bbox 1115 2514 1219 2573; x_wconf 73' lang='lat' dir='ltr'>amicos</span> 
     </span>
     <span class='ocr_line' id='line_1_26' title="bbox 195 2594 1218 2678; baseline -0.002 -20"><span class='ocrx_word' id='word_1_194' title='bbox 195 2594 409 2678; x_wconf 64' lang='lat' dir='ltr'>comportem),</span> <span class='ocrx_word' id='word_1_195' title='bbox 435 2601 542 2659; x_wconf 86' lang='lat' dir='ltr'>miserti</span> <span class='ocrx_word' id='word_1_196' title='bbox 562 2599 645 2658; x_wconf 83' lang='lat' dir='ltr'>iliius</span> <span class='ocrx_word' id='word_1_197' title='bbox 687 2597 773 2675; x_wconf 83' lang='lat' dir='ltr'>Quod</span> <span class='ocrx_word' id='word_1_198' title='bbox 795 2616 861 2658; x_wconf 90' lang='lat' dir='ltr'>cum</span> <span class='ocrx_word' id='word_1_199' title='bbox 881 2601 1003 2676; x_wconf 89' lang='lat' dir='ltr'>primum</span> <span class='ocrx_word' id='word_1_200' title='bbox 1029 2604 1218 2675; x_wconf 67' lang='lat' dir='ltr'>acceptasset,</span> 
     </span>
     <span class='ocr_line' id='line_1_27' title="bbox 194 2683 1218 2762; baseline -0.001 -20"><span class='ocrx_word' id='word_1_201' title='bbox 194 2701 262 2743; x_wconf 86' lang='lat' dir='ltr'>mox</span> <span class='ocrx_word' id='word_1_202' title='bbox 283 2684 381 2744; x_wconf 82' lang='lat' dir='ltr'>bubito</span> <span class='ocrx_word' id='word_1_203' title='bbox 404 2702 501 2745; x_wconf 90' lang='lat' dir='ltr'>secum</span> <span class='ocrx_word' id='word_1_204' title='bbox 523 2685 640 2746; x_wconf 85' lang='lat' dir='ltr'>consilio</span> <span class='ocrx_word' id='word_1_205' title='bbox 661 2684 821 2761; x_wconf 83' lang='lat' dir='ltr'>respondit:</span> <span class='ocrx_word' id='word_1_206' title='bbox 844 2685 910 2745; x_wconf 89' lang='lat' dir='ltr'>Nun</span> <span class='ocrx_word' id='word_1_207' title='bbox 931 2685 1072 2762; x_wconf 72' lang='lat' dir='ltr'>egrediar,</span> <span class='ocrx_word' id='word_1_208' title='bbox 1100 2683 1218 2746; x_wconf 77' lang='lat' dir='ltr'>absoluti</span> 
     </span>
     <span class='ocr_line' id='line_1_28' title="bbox 194 2771 1217 2849; baseline 0 -19"><span class='ocrx_word' id='word_1_209' title='bbox 194 2773 256 2831; x_wconf 85' lang='lat' dir='ltr'>sitis</span> <span class='ocrx_word' id='word_1_210' title='bbox 284 2789 304 2831; x_wconf 83' lang='lat' dir='ltr'>s</span> <span class='ocrx_word' id='word_1_211' title='bbox 329 2771 455 2849; x_wconf 89' lang='lat' dir='ltr'>pollicito</span> <span class='ocrx_word' id='word_1_212' title='bbox 482 2774 649 2832; x_wconf 80' lang='lat' dir='ltr'>iuramento.</span> <span class='ocrx_word' id='word_1_213' title='bbox 698 2771 791 2846; x_wconf 87' lang='lat' dir='ltr'>Quem</span> <span class='ocrx_word' id='word_1_214' title='bbox 816 2777 884 2849; x_wconf 91' lang='lat' dir='ltr'>post</span> <span class='ocrx_word' id='word_1_215' title='bbox 909 2771 1058 2849; x_wconf 77' lang='lat' dir='ltr'>paululum</span> <span class='ocrx_word' id='word_1_216' title='bbox 1086 2789 1159 2831; x_wconf 88' lang='lat' dir='ltr'>unns</span> <span class='ocrx_word' id='word_1_217' title='bbox 1184 2787 1217 2830; x_wconf 84' lang='lat' dir='ltr'>ex</span> 
     </span>
     <span class='ocr_line' id='line_1_29' title="bbox 193 2855 1216 2935; baseline -0.004 -18"><span class='ocrx_word' id='word_1_218' title='bbox 193 2855 339 2918; x_wconf 80' lang='lat' dir='ltr'>sodalibus</span> <span class='ocrx_word' id='word_1_219' title='bbox 359 2874 476 2934; x_wconf 79' lang='lat' dir='ltr'>vocans,</span> <span class='ocrx_word' id='word_1_220' title='bbox 496 2861 550 2917; x_wconf 85' lang='lat' dir='ltr'>uit:</span> <span class='ocrx_word' id='word_1_221' title='bbox 571 2858 626 2918; x_wconf 85' lang='lat' dir='ltr'>Exi</span> <span class='ocrx_word' id='word_1_222' title='bbox 646 2857 806 2931; x_wconf 79' lang='lat' dir='ltr'>Resonndo,</span> <span class='ocrx_word' id='word_1_223' title='bbox 829 2860 889 2932; x_wconf 87' lang='lat' dir='ltr'>cxi,</span> <span class='ocrx_word' id='word_1_224' title='bbox 916 2861 1014 2918; x_wconf 81' lang='lat' dir='ltr'>vinum</span> <span class='ocrx_word' id='word_1_225' title='bbox 1035 2859 1216 2935; x_wconf 88' lang='lat' dir='ltr'>optimumin</span> 
     </span>
     <span class='ocr_line' id='line_1_30' title="bbox 194 2941 1215 3023; baseline -0.001 -21"><span class='ocrx_word' id='word_1_226' title='bbox 194 2943 245 3002; x_wconf 84' lang='lat' dir='ltr'>tuli</span> <span class='ocrx_word' id='word_1_227' title='bbox 265 2944 396 3004; x_wconf 86' lang='lat' dir='ltr'>venditur</span> <span class='ocrx_word' id='word_1_228' title='bbox 417 2946 544 3004; x_wconf 80' lang='lat' dir='ltr'>taberne.</span> <span class='ocrx_word' id='word_1_229' title='bbox 588 2942 668 3020; x_wconf 85' lang='lat' dir='ltr'>Quos</span> <span class='ocrx_word' id='word_1_230' title='bbox 675 2941 697 3023; x_wconf 63' lang='lat' dir='ltr'>a)</span> <span class='ocrx_word' id='word_1_231' title='bbox 720 2951 851 3018; x_wconf 89' lang='lat' dir='ltr'>secutus,</span> <span class='ocrx_word' id='word_1_232' title='bbox 873 2951 941 3020; x_wconf 93' lang='lat' dir='ltr'>post</span> <span class='ocrx_word' id='word_1_233' title='bbox 961 2944 1104 3004; x_wconf 88' lang='lat' dir='ltr'>modicum</span> <span class='ocrx_word' id='word_1_234' title='bbox 1124 2943 1215 3022; x_wconf 87' lang='lat' dir='ltr'>prodi-</span> 
     </span>
     <span class='ocr_line' id='line_1_31' title="bbox 193 3030 1215 3108; baseline 0 -20"><span class='ocrx_word' id='word_1_235' title='bbox 193 3036 240 3088; x_wconf 89' lang='lat' dir='ltr'>tus</span> <span class='ocrx_word' id='word_1_236' title='bbox 262 3037 320 3104; x_wconf 87' lang='lat' dir='ltr'>est,</span> <span class='ocrx_word' id='word_1_237' title='bbox 349 3038 378 3090; x_wconf 89' lang='lat' dir='ltr'>et</span> <span class='ocrx_word' id='word_1_238' title='bbox 399 3036 508 3108; x_wconf 77' lang='lat' dir='ltr'>captus.</span> <span class='ocrx_word' id='word_1_239' title='bbox 550 3030 716 3106; x_wconf 82' lang='lat' dir='ltr'>Requisiius</span> <span class='ocrx_word' id='word_1_240' title='bbox 738 3047 789 3091; x_wconf 86' lang='lat' dir='ltr'>cur</span> <span class='ocrx_word' id='word_1_241' title='bbox 816 3033 920 3090; x_wconf 82' lang='lat' dir='ltr'>exisset</span> <span class='ocrx_word' id='word_1_242' title='bbox 949 3031 984 3091; x_wconf 90' lang='lat' dir='ltr'>de</span> <span class='ocrx_word' id='word_1_243' title='bbox 1011 3031 1147 3102; x_wconf 84' lang='lat' dir='ltr'>ecclesia,</span> <span class='ocrx_word' id='word_1_244' title='bbox 1173 3046 1215 3088; x_wconf 88' lang='lat' dir='ltr'>re-</span> 
     </span>
     <span class='ocr_line' id='line_1_32' title="bbox 193 3115 1215 3194; baseline 0 -21"><span class='ocrx_word' id='word_1_245' title='bbox 193 3115 322 3194; x_wconf 87' lang='lat' dir='ltr'>spondit:</span> <span class='ocrx_word' id='word_1_246' title='bbox 350 3117 397 3178; x_wconf 76' lang='lat' dir='ltr'>Itu</span> <span class='ocrx_word' id='word_1_247' title='bbox 424 3117 494 3176; x_wconf 89' lang='lat' dir='ltr'>mihi</span> <span class='ocrx_word' id='word_1_248' title='bbox 515 3117 614 3176; x_wconf 83' lang='lat' dir='ltr'>ardere</span> <span class='ocrx_word' id='word_1_249' title='bbox 636 3117 786 3176; x_wconf 78' lang='lat' dir='ltr'>videbatur</span> <span class='ocrx_word' id='word_1_250' title='bbox 809 3119 1004 3193; x_wconf 81' lang='lat' dir='ltr'>pavimentum</span> <span class='ocrx_word' id='word_1_251' title='bbox 1026 3118 1079 3176; x_wconf 87' lang='lat' dir='ltr'>sub</span> <span class='ocrx_word' id='word_1_252' title='bbox 1101 3116 1215 3192; x_wconf 89' lang='lat' dir='ltr'>pedibus</span> 
     </span>
     <span class='ocr_line' id='line_1_33' title="bbox 193 3203 1215 3280; baseline -0.001 -18"><span class='ocrx_word' id='word_1_253' title='bbox 193 3203 272 3276; x_wconf 85' lang='lat' dir='ltr'>meis,</span> <span class='ocrx_word' id='word_1_254' title='bbox 294 3209 326 3261; x_wconf 87' lang='lat' dir='ltr'>ni</span> <span class='ocrx_word' id='word_1_255' title='bbox 338 3205 478 3264; x_wconf 86' lang='lat' dir='ltr'>sustinere</span> <span class='ocrx_word' id='word_1_256' title='bbox 491 3221 549 3264; x_wconf 89' lang='lat' dir='ltr'>non</span> <span class='ocrx_word' id='word_1_257' title='bbox 569 3221 693 3280; x_wconf 87' lang='lat' dir='ltr'>possem.</span> <span class='ocrx_word' id='word_1_258' title='bbox 735 3204 834 3264; x_wconf 88' lang='lat' dir='ltr'>Posito</span> <span class='ocrx_word' id='word_1_259' title='bbox 857 3219 891 3262; x_wconf 91' lang='lat' dir='ltr'>eo</span> <span class='ocrx_word' id='word_1_260' title='bbox 909 3206 939 3262; x_wconf 91' lang='lat' dir='ltr'>in</span> <span class='ocrx_word' id='word_1_261' title='bbox 959 3209 1030 3280; x_wconf 81' lang='lat' dir='ltr'>roto,</span> <span class='ocrx_word' id='word_1_262' title='bbox 1052 3221 1118 3264; x_wconf 86' lang='lat' dir='ltr'>cum</span> <span class='ocrx_word' id='word_1_263' title='bbox 1139 3218 1215 3262; x_wconf 84' lang='lat' dir='ltr'>mane</span> 
     </span>
     <span class='ocr_line' id='line_1_34' title="bbox 193 3287 1215 3365; baseline -0.003 -15"><span class='ocrx_word' id='word_1_264' title='bbox 193 3287 338 3350; x_wconf 71' lang='lat' dir='ltr'>sucinos</span> <span class='ocrx_word' id='word_1_265' title='bbox 356 3288 394 3348; x_wconf 82' lang='lat' dir='ltr'>sd</span> <span class='ocrx_word' id='word_1_266' title='bbox 409 3307 475 3350; x_wconf 89' lang='lat' dir='ltr'>eum</span> <span class='ocrx_word' id='word_1_267' title='bbox 488 3293 641 3365; x_wconf 87' lang='lat' dir='ltr'>venisseut,</span> <span class='ocrx_word' id='word_1_268' title='bbox 658 3296 688 3350; x_wconf 90' lang='lat' dir='ltr'>ct</span> <span class='ocrx_word' id='word_1_269' title='bbox 701 3290 842 3351; x_wconf 82' lang='lat' dir='ltr'>dicerent:</span> <span class='ocrx_word' id='word_1_270' title='bbox 861 3290 1007 3350; x_wconf 82' lang='lat' dir='ltr'>Bemsrdc</span> <span class='ocrx_word' id='word_1_271' title='bbox 1019 3291 1095 3350; x_wconf 82' lang='lat' dir='ltr'>vivis</span> <span class='ocrx_word' id='word_1_272' title='bbox 1107 3287 1215 3350; x_wconf 83' lang='lat' dir='ltr'>udbuci</span> 
     </span>
     <span class='ocr_line' id='line_1_35' title="bbox 192 3374 1215 3453; baseline 0.002 -19"><span class='ocrx_word' id='word_1_273' title='bbox 192 3374 284 3436; x_wconf 73' lang='lat' dir='ltr'>meret</span> <span class='ocrx_word' id='word_1_274' title='bbox 304 3377 380 3434; x_wconf 87' lang='lat' dir='ltr'>enim</span> <span class='ocrx_word' id='word_1_275' title='bbox 399 3374 555 3453; x_wconf 66' lang='lat' dir='ltr'>littsrmusp</span> <span class='ocrx_word' id='word_1_276' title='bbox 576 3377 734 3453; x_wconf 68' lang='lat' dir='ltr'>respondite</span> <span class='ocrx_word' id='word_1_277' title='bbox 755 3376 862 3436; x_wconf 88' lang='lat' dir='ltr'>Adbuc</span> <span class='ocrx_word' id='word_1_278' title='bbox 882 3379 961 3438; x_wconf 83' lang='lat' dir='ltr'>vivo.</span> <span class='ocrx_word' id='word_1_279' title='bbox 1001 3376 1130 3452; x_wconf 82' lang='lat' dir='ltr'>Moxque</span> <span class='ocrx_word' id='word_1_280' title='bbox 1150 3377 1215 3436; x_wconf 89' lang='lat' dir='ltr'>sub-</span> 
     </span>
     <span class='ocr_line' id='line_1_36' title="bbox 192 3461 1215 3539; baseline 0 -17"><span class='ocrx_word' id='word_1_281' title='bbox 192 3463 272 3522; x_wconf 79' lang='lat' dir='ltr'>iecit:</span> <span class='ocrx_word' id='word_1_282' title='bbox 298 3461 334 3522; x_wconf 94' lang='lat' dir='ltr'>In</span> <span class='ocrx_word' id='word_1_283' title='bbox 361 3469 446 3522; x_wconf 85' lang='lat' dir='ltr'>noctu</span> <span class='ocrx_word' id='word_1_284' title='bbox 474 3470 622 3524; x_wconf 69' lang='lat' dir='ltr'>uenuste</span> <span class='ocrx_word' id='word_1_285' title='bbox 645 3480 778 3539; x_wconf 76' lang='lat' dir='ltr'>campum</span> <span class='ocrx_word' id='word_1_286' title='bbox 805 3465 891 3524; x_wconf 88' lang='lat' dir='ltr'>istum</span> <span class='ocrx_word' id='word_1_287' title='bbox 919 3463 1036 3539; x_wconf 87' lang='lat' dir='ltr'>plenum</span> <span class='ocrx_word' id='word_1_288' title='bbox 1063 3461 1123 3523; x_wconf 82' lang='lat' dir='ltr'>vidi</span> <span class='ocrx_word' id='word_1_289' title='bbox 1151 3462 1215 3524; x_wconf 83' lang='lat' dir='ltr'>duc·</span> 
     </span>
     <span class='ocr_line' id='line_1_37' title="bbox 192 3547 1216 3628; baseline -0.001 -18"><span class='ocrx_word' id='word_1_290' title='bbox 192 3549 335 3610; x_wconf 85' lang='lat' dir='ltr'>monibus.</span> <span class='ocrx_word' id='word_1_291' title='bbox 374 3547 491 3608; x_wconf 88' lang='lat' dir='ltr'>Nullum</span> <span class='ocrx_word' id='word_1_292' title='bbox 512 3555 608 3608; x_wconf 78' lang='lat' dir='ltr'>temen</span> <span class='ocrx_word' id='word_1_293' title='bbox 628 3551 741 3624; x_wconf 81' lang='lat' dir='ltr'>signum</span> <span class='ocrx_word' id='word_1_294' title='bbox 762 3549 811 3608; x_wconf 84' lang='lat' dir='ltr'>vel</span> <span class='ocrx_word' id='word_1_295' title='bbox 831 3551 954 3610; x_wconf 83' lang='lat' dir='ltr'>verbum</span> <span class='ocrx_word' id='word_1_296' title='bbox 972 3548 1162 3628; x_wconf 72' lang='lat' dir='ltr'>poenitudinis</span> <span class='ocrx_word' id='word_1_297' title='bbox 1182 3549 1216 3610; x_wconf 84' lang='lat' dir='ltr'>sb</span> 
     </span>
     <span class='ocr_line' id='line_1_38' title="bbox 193 3631 715 3708; baseline -0.01 -11"><span class='ocrx_word' id='word_1_298' title='bbox 193 3652 227 3698; x_wconf 87' lang='lat' dir='ltr'>eo</span> <span class='ocrx_word' id='word_1_299' title='bbox 248 3634 346 3696; x_wconf 86' lang='lat' dir='ltr'>videre</span> <span class='ocrx_word' id='word_1_300' title='bbox 366 3631 413 3694; x_wconf 84' lang='lat' dir='ltr'>vul</span> <span class='ocrx_word' id='word_1_301' title='bbox 433 3631 531 3692; x_wconf 84' lang='lat' dir='ltr'>audire</span> <span class='ocrx_word' id='word_1_302' title='bbox 553 3639 715 3708; x_wconf 80' lang='lat' dir='ltr'>potueruut.</span> 
     </span>
    </p>
   </div>
   <div class='ocr_carea' id='block_1_7' title="bbox 210 3745 1212 3892">
    <p class='ocr_par' dir='ltr' id='par_1_7' title="bbox 210 3745 1212 3892">
     <span class='ocr_line' id='line_1_39' title="bbox 210 3745 1212 3822; baseline -0.003 -17"><span class='ocrx_word' id='word_1_303' title='bbox 210 3752 241 3822; x_wconf 85' lang='lat' dir='ltr'>i)</span> <span class='ocrx_word' id='word_1_304' title='bbox 259 3760 292 3805; x_wconf 82' lang='lat' dir='ltr'>ei</span> <span class='ocrx_word' id='word_1_305' title='bbox 308 3767 349 3804; x_wconf 85' lang='lat' dir='ltr'>um</span> <span class='ocrx_word' id='word_1_306' title='bbox 366 3749 416 3802; x_wconf 83' lang='lat' dir='ltr'>uu.</span> <span class='ocrx_word' id='word_1_307' title='bbox 435 3775 467 3788; x_wconf 89' lang='lat'>-</span> <span class='ocrx_word' id='word_1_308' title='bbox 485 3747 520 3814; x_wconf 78' lang='lat'>2)</span> <span class='ocrx_word' id='word_1_309' title='bbox 536 3745 559 3799; x_wconf 80' lang='lat' dir='ltr'><strong>G</strong></span> <span class='ocrx_word' id='word_1_310' title='bbox 574 3755 737 3814; x_wconf 77' lang='lat' dir='ltr'>receptus.</span> <span class='ocrx_word' id='word_1_311' title='bbox 755 3777 787 3788; x_wconf 90' lang='lat'>-</span> <span class='ocrx_word' id='word_1_312' title='bbox 806 3748 839 3816; x_wconf 83' lang='lat' dir='ltr'>ii]</span> <span class='ocrx_word' id='word_1_313' title='bbox 856 3747 878 3802; x_wconf 84' lang='lat' dir='ltr'>li</span> <span class='ocrx_word' id='word_1_314' title='bbox 895 3765 1003 3818; x_wconf 77' lang='lat' dir='ltr'>puceu</span> <span class='ocrx_word' id='word_1_315' title='bbox 1020 3765 1212 3819; x_wconf 78' lang='lat' dir='ltr'>componere.</span> 
     </span>
     <span class='ocr_line' id='line_1_40' title="bbox 262 3819 524 3892; baseline 0.015 -28"><span class='ocrx_word' id='word_1_316' title='bbox 262 3849 294 3864; x_wconf 91' lang='grc'>...</span> <span class='ocrx_word' id='word_1_317' title='bbox 313 3821 346 3892; x_wconf 82' lang='grc'>4)</span> <span class='ocrx_word' id='word_1_318' title='bbox 364 3819 406 3874; x_wconf 82' lang='lat' dir='ltr'>Ol)</span> <span class='ocrx_word' id='word_1_319' title='bbox 423 3830 524 3889; x_wconf 78' lang='lat' dir='ltr'>quem.</span> 
     </span>
    </p>
   </div>
   <div class='ocr_carea' id='block_1_8' title="bbox 0 0 1286 4246">
    <p class='ocr_par' dir='ltr' id='par_1_8' title="bbox 0 0 1286 4246">
     <span class='ocr_line' id='line_1_41' title="bbox 0 0 1286 4246; baseline 0 3"><span class='ocrx_word' id='word_1_320' title='bbox 0 0 1286 4246; x_wconf 95' lang='lat' dir='ltr'> </span> 
     </span>
    </p>
   </div>
  </div>
 </body>
</html>
