2506 4254
168 251 230 312 tta
479 249 707 315 Dmrmc'mo
731 251 889 316 DECIMA

166 374 255 432 riores
280 373 364 448 quasi
388 370 428 431 ad
454 391 582 452 pugnam
609 377 758 454 erexisset,
788 376 836 437 ille
864 379 954 436 iratus
983 381 1094 453 arrepto
1118 375 1182 454 ligno

167 475 293 519 vermem
322 458 434 518 occidit
486 460 618 521 Mirabile
653 461 740 523 dictu.
797 463 871 523 Cum
904 463 1095 524 Theodericus
1125 461 1183 521 nibil

166 547 261 604 minus
282 548 487 622 suspicaretur,
514 547 586 606 vidit
605 549 742 609 bufonem
763 553 919 611 extinctum
941 567 996 609 sua
1015 552 1120 626 insequi
1137 567 1181 610 ve·

167 633 260 708 stigia
303 631 396 708 Quem
413 651 479 692 cum
501 633 594 694 denuo
615 636 826 710 transfodisset,
849 643 878 696 et
899 636 1062 697 multotiens
1082 653 1183 696 conme-

166 718 272 779 mando
286 720 483 794 incinerasset,
502 727 677 782 nontamen
697 723 825 798 proiecit.
866 722 932 782 Non
953 723 1007 782 fuit
1026 721 1104 783 loeus
1122 722 1183 782 adeo

166 813 304 882 remotus,
337 805 409 866 adeo
438 806 576 882 mundus,
609 811 659 884 qui
685 812 710 868 ei
733 809 770 868 ad
792 809 992 870 dormiendum
1013 815 1087 870 esset
1106 815 1181 867 tutus

166 892 306 953 Noctibus
333 910 385 968 per
411 892 534 968 elipeum
554 896 655 954 timore
675 895 750 955 illius
772 895 810 954 ad
830 897 942 956 trabem
964 896 1183 971 suspendebatur.

168 978 242 1039 Cum
268 985 397 1054 tempore
419 978 544 1054 quodam
568 983 708 1056 equitaret
729 999 796 1041 cum
817 983 944 1057 quodam
963 989 1099 1042 venatore
1118 983 1183 1042 socio

166 1082 229 1141 suo,
251 1067 334 1141 eique
346 1071 426 1124 tanta
441 1066 582 1126 mirabilia
603 1068 801 1144 conquerendo
823 1073 962 1144 recitaret
984 1086 1052 1129 eece
1072 1085 1183 1128 vermem

167 1152 291 1212 eundem
318 1151 365 1210 ille
393 1152 464 1210 vidit
485 1152 595 1213 caudae
617 1157 683 1230 equi
704 1157 765 1214 eius
787 1154 998 1231 inhaerentem,
1025 1156 1182 1230 celeriusque

167 1238 205 1297 ad
233 1255 300 1297 eum
327 1238 520 1298 scandentem.
570 1239 627 1316 Qui
648 1259 716 1301 mox
737 1241 922 1302 exclamavit:
953 1241 1032 1302 Cave
1054 1259 1134 1316 cave,
1153 1258 1181 1300 eu
1236 1271 1237 1352 q

168 1324 299 1384 diabolus
328 1341 434 1400 equum
462 1331 544 1384 tuum
572 1327 709 1386 aseendit
756 1328 827 1387 Mox
847 1328 894 1388 ille
917 1327 1065 1404 desiliens,
1094 1327 1182 1388 occidit
1236 1359 1237 1396 ῃ

167 1428 242 1471 eum
285 1410 351 1470 Alio
373 1411 471 1470 itidem
492 1419 619 1490 ternpore
641 1414 757 1474 sedente
779 1432 813 1474 eo
836 1432 902 1475 cum
923 1417 1008 1475 sociis
1029 1418 1100 1492 suis,
1122 1432 1181 1474 con·
1236 1401 1237 1458 l

166 1499 293 1573 spicatur
327 1498 522 1575 saepedictum
561 1516 688 1560 vermem
730 1504 760 1560 in
794 1508 877 1577 poste
918 1504 1040 1578 proximi
1074 1503 1181 1578 parietis
1236 1559 1237 1562 ,

166 1586 258 1660 Ecce,
279 1587 377 1660 iuquit,
398 1585 449 1644 ubi
461 1583 477 1664 ¹)
505 1585 638 1646 diabolus
658 1587 713 1645 ille.
755 1588 910 1664 Nunquam
931 1590 969 1648 ab
993 1606 1027 1648 eo
1048 1589 1179 1661 liberabor,
1236 1603 1237 1612 ¹

167 1673 221 1730 nisi
249 1689 281 1731 se
308 1672 502 1731 vindicaverit.
544 1672 671 1748 Moxque
692 1673 801 1734 nudata
822 1693 908 1750 coxa,
939 1677 1053 1736 sinebat
1072 1690 1179 1734 vermem

160 1758 312 1822 accedere.
356 1758 449 1835 Quem
462 1776 528 1818 eum
545 1761 752 1836 momordisset,
773 1761 949 1821 mordentem
965 1781 1054 1822 manu
1073 1761 1179 1832 iactavit,

154 1848 317 1922 ipsumque
331 1861 456 1905 morsum
468 1846 585 1905 celerius
597 1851 703 1906 rasorio
714 1847 752 1906 ad
762 1847 818 1907 hoc
829 1855 1000 1924 praeparato
1011 1848 1149 1910 abscidens
1155 1843 1179 1924 ²),

167 1932 279 2008 longius
299 1933 426 2007 proiecit.
467 1931 538 1991 Mox
548 1936 654 2002 mirum
674 1937 703 1991 in
725 1934 843 1993 modum
864 1937 927 2010 ipsa
947 1932 1177 2014 praeciaentes

166 2019 346 2078 infectionem
363 2021 466 2078 veneni
487 2019 525 2079 ad
542 2021 631 2079 instar
651 2023 738 2097 pugni
760 2023 900 2096 intumuit,
922 2028 951 2080 et
973 2025 1088 2098 crepuit
1126 2020 1177 2080 Sic·

167 2123 224 2182 qua
250 2104 387 2166 liberatus
415 2112 456 2165 cst
485 2124 503 2164 a
530 2124 628 2168 verme
647 2106 696 2166 illo
718 2109 952 2168 immundissimo.
995 2109 1099 2168 Postea
1116 2107 1177 2166 idem

167 2192 360 2253 Theodericus
388 2209 407 2250 a
433 2192 559 2268 quodam
586 2194 673 2254 milite
700 2197 865 2255 innocenter
887 2195 1068 2270 exoculatus,
1097 2199 1177 2253 tantae

167 2281 285 2340 effeetus
306 2285 351 2338 est
370 2279 571 2356 religiositatis,
593 2287 626 2339 ut
645 2283 758 2356 semper
779 2282 898 2358 nudipes
919 2282 1077 2355 incederet,
1097 2283 1177 2354 sicque

166 2366 264 2426 limina
296 2367 446 2425 beatorum
474 2366 678 2442 Apostolorum
706 2369 783 2428 Petri
812 2376 841 2427 et
868 2369 967 2443 Pauli,
999 2386 1052 2428 nec
1079 2385 1130 2426 non
1156 2369 1178 2422 el

166 2451 374 2513 sanctiJacobi
395 2453 472 2529 apud
495 2453 726 2530 compostellam,
747 2455 844 2513 multis
865 2457 976 2514 vicibus
997 2457 1177 2532 frequentaret

165 2537 368 2600 NOVICIUS:
389 2539 543 2616 Nunquam
558 2541 655 2600 audivi
667 2541 744 2600 talia.
775 2541 1010 2602 MONACHUS:
1032 2543 1120 2618 Saepe
1137 2555 1177 2614 ptr
1237 2569 1238 2604 l

165 2626 327 2687 huiusmodi
348 2633 475 2686 monstra
495 2627 577 2686 Deus
596 2634 749 2703 peccantes
770 2631 865 2704 punit,
887 2636 919 2686 ut
939 2631 1069 2688 noverint
1088 2631 1177 2703 quantu
1237 2669 1238 2672 ,

165 2716 252 2774 sitin
272 2713 376 2789 futuro,
396 2714 446 2772 ubi
460 2716 563 2773 vermis
579 2732 638 2774 non
660 2717 803 2791 morietur,
824 2721 853 2775 et
872 2717 946 2802 ignis
966 2733 1025 2776 non
1046 2717 1175 2789 extingue·

166 2797 256 2882 turf),
277 2803 374 2876 vanis,
394 2800 518 2877 gulosis,
545 2819 679 2863 necnon
702 2808 730 2862 et
750 2800 916 2878 luxuriosis,
937 2809 1024 2878 atque
1045 2796 1176 2860 immundis

165 2904 259 2963 poena
279 2893 457 2965 praeparata
499 2888 546 2946 De
567 2892 657 2964 vanis,
678 2895 710 2947 ut
730 2894 797 2947 sunt
817 2895 984 2964 venatores,
1010 2887 1176 2949 iamdictam

102 2998 109 3008 ν
165 2981 217 3032 cst.
259 2973 305 3034 De
318 2975 470 3034 luxuriosis
486 2976 647 3052 exemplum
662 2975 752 3036 babes
772 2978 802 3035 in
823 2976 892 3036 Vita
913 2979 1005 3036 sancti
1025 2973 1176 3040 Malachiae,

164 3060 215 3118 ubi
242 3059 329 3119 horno
351 3059 512 3122 luxuriosus
533 3079 585 3138 per
606 3063 741 3122 bufonem
763 3062 878 3140 fugatus
899 3070 942 3122 est
964 3081 982 3122 a
1003 3062 1104 3122 femina
1121 3057 1176 3118 reli

164 3147 245 3222 glosa
253 3142 282 3224 ⁵).
325 3147 371 3207 De
384 3148 492 3224 gulosis
512 3151 627 3208 memini
648 3167 694 3210 mc
716 3149 820 3208 dixisse
842 3151 870 3207 in
892 3148 1072 3209 distinctione
1092 3149 1176 3224 quarto

165 3231 289 3308 capitulo
318 3237 491 3311 octogesimo
520 3242 620 3313 sexto,
650 3237 700 3296 ubi
725 3238 859 3295 intestina
878 3235 1002 3312 gallinae
1024 3253 1106 3296 versa
1124 3237 1176 3292 niul

164 3321 193 3378 in
214 3317 357 3379 bufonem.
399 3321 532 3383 Referam
552 3324 604 3382 tibi
627 3322 662 3383 de
683 3323 739 3384 hoc
762 3326 846 3384 etiam
868 3339 967 3382 recens
990 3321 1150 3398 exemplum.

183 3613 214 3682 1)
233 3610 253 3664 C
271 3610 324 3663 ibi.
342 3607 414 3663 Conf.
433 3611 474 3678 lli,
492 3613 534 3665 21.
553 3643 584 3653 -
603 3611 674 3682 2],l⁴'
692 3613 903 3668 abscindens.
926 3644 955 3656 ·-
981 3615 1014 3682 3]
1036 3613 1077 3666 Cll
1098 3622 1176 3680 prro·

233 3683 803 3804 *deventi'sicinini'
827 3685 878 3804 b·
896 3683 1015 3806 circli
1028 3681 1175 3806 talc:

160 3875 163 3880 ,
233 3751 295 3872 Ξιῗιῗι
306 3788 345 3872 e's’t
361 3827 464 3886 reptans
481 3820 549 3870 exire
566 3817 598 3869 de
616 3821 681 3870 inter
698 3819 791 3872 femore
810 3769 946 3875 Mulierisss
1122 3787 1129 3814 ’
