<?xml version="1.0" encoding="UTF-8"?>
<!DOCTYPE html PUBLIC "-//W3C//DTD XHTML 1.0 Transitional//EN"
    "http://www.w3.org/TR/xhtml1/DTD/xhtml1-transitional.dtd">
<html xmlns="http://www.w3.org/1999/xhtml" xml:lang="en" lang="en">
 <head>
  <title>
</title>
<meta http-equiv="Content-Type" content="text/html;charset=utf-8" />
  <meta name='ocr-system' content='tesseract 3.04.00' />
  <meta name='ocr-capabilities' content='ocr_page ocr_carea ocr_par ocr_line ocrx_word'/>
</head>
<body>
  <div class='ocr_page' id='page_1' title='image "./caesariiheister02stragoog_0148.png"; bbox 0 0 2512 4254; ppageno 0'>
   <div class='ocr_carea' id='block_1_1' title="bbox 299 289 1086 355">
    <p class='ocr_par' dir='ltr' id='par_1_1' title="bbox 299 289 1086 355">
     <span class='ocr_line' id='line_1_1' title="bbox 299 289 1086 355; baseline 0 -3"><span class='ocrx_word' id='word_1_1' title='bbox 299 291 354 352; x_wconf 83' lang='lat' dir='ltr'>DE</span> <span class='ocrx_word' id='word_1_2' title='bbox 375 289 561 354; x_wconf 70' lang='lat' dir='ltr'>Druensis</span> <span class='ocrx_word' id='word_1_3' title='bbox 582 289 817 355; x_wconf 76' lang='lat' dir='ltr'><strong>VTSIONIBUS.</strong></span> <span class='ocrx_word' id='word_1_4' title='bbox 1027 293 1086 354; x_wconf 79' lang='lat'>137</span> 
     </span>
    </p>
   </div>
   <div class='ocr_carea' id='block_1_2' title="bbox 370 480 772 563">
    <p class='ocr_par' dir='ltr' id='par_1_2' title="bbox 370 480 772 563">
     <span class='ocr_line' id='line_1_2' title="bbox 370 480 772 563; baseline 0 -19"><span class='ocrx_word' id='word_1_5' title='bbox 370 483 603 546; x_wconf 67' lang='lat' dir='ltr'>scurronum</span> <span class='ocrx_word' id='word_1_6' title='bbox 623 480 772 563; x_wconf 60' lang='lat' dir='ltr'>exunt)</span> 
     </span>
    </p>
   </div>
   <div class='ocr_carea' id='block_1_3' title="bbox 71 602 1088 769">
    <p class='ocr_par' dir='ltr' id='par_1_3' title="bbox 71 602 1088 769">
     <span class='ocr_line' id='line_1_3' title="bbox 71 602 1088 682; baseline 0.003 -23"><span class='ocrx_word' id='word_1_7' title='bbox 71 602 110 660; x_wconf 84' lang='lat' dir='ltr'>De</span> <span class='ocrx_word' id='word_1_8' title='bbox 133 608 235 666; x_wconf 79' lang='lat' dir='ltr'>sanctis</span> <span class='ocrx_word' id='word_1_9' title='bbox 262 612 332 665; x_wconf 80' lang='lat' dir='ltr'>uerte</span> <span class='ocrx_word' id='word_1_10' title='bbox 351 607 480 666; x_wconf 73' lang='lat' dir='ltr'>Alicazer·</span> <span class='ocrx_word' id='word_1_11' title='bbox 507 609 538 666; x_wconf 81' lang='lat' dir='ltr'>in</span> <span class='ocrx_word' id='word_1_12' title='bbox 560 623 628 666; x_wconf 82' lang='lat' dir='ltr'>uere</span> <span class='ocrx_word' id='word_1_13' title='bbox 648 608 731 678; x_wconf 70' lang='lat' dir='ltr'>obeb,</span> <span class='ocrx_word' id='word_1_14' title='bbox 756 623 811 681; x_wconf 85' lang='lat' dir='ltr'>per</span> <span class='ocrx_word' id='word_1_15' title='bbox 833 619 906 682; x_wconf 69' lang='lat' dir='ltr'>quoe</span> <span class='ocrx_word' id='word_1_16' title='bbox 930 603 1088 664; x_wconf 54' lang='lat' dir='ltr'>&amp;abboni</span> 
     </span>
     <span class='ocr_line' id='line_1_4' title="bbox 383 694 757 769; baseline 0 -17"><span class='ocrx_word' id='word_1_17' title='bbox 383 694 482 769; x_wconf 77' lang='lat' dir='ltr'><strong><em>adepti</em></strong></span> <span class='ocrx_word' id='word_1_18' title='bbox 501 700 572 754; x_wconf 82' lang='lat' dir='ltr'>suot</span> <span class='ocrx_word' id='word_1_19' title='bbox 592 696 757 752; x_wconf 77' lang='lat' dir='ltr'>victorium</span> 
     </span>
    </p>
   </div>
   <div class='ocr_carea' id='block_1_4' title="bbox 62 807 1143 3237">
    <p class='ocr_par' dir='ltr' id='par_1_4' title="bbox 62 807 1143 3237">
     <span class='ocr_line' id='line_1_5' title="bbox 122 807 1087 898; baseline -0.001 -28"><span class='ocrx_word' id='word_1_20' title='bbox 122 807 203 870; x_wconf 78' lang='lat' dir='ltr'>Anno</span> <span class='ocrx_word' id='word_1_21' title='bbox 215 815 325 889; x_wconf 70' lang='lat' dir='ltr'>gratim</span> <span class='ocrx_word' id='word_1_22' title='bbox 335 813 484 898; x_wconf 83' lang='lat' dir='ltr'>millesimo</span> <span class='ocrx_word' id='word_1_23' title='bbox 504 813 698 874; x_wconf 86' lang='lat' dir='ltr'>ducentesimo</span> <span class='ocrx_word' id='word_1_24' title='bbox 721 813 831 874; x_wconf 83' lang='lat' dir='ltr'>decimo</span> <span class='ocrx_word' id='word_1_25' title='bbox 853 813 984 888; x_wconf 82' lang='lat' dir='ltr'>septimo,</span> <span class='ocrx_word' id='word_1_26' title='bbox 1004 825 1087 870; x_wconf 87' lang='lat' dir='ltr'>cruce</span> 
     </span>
     <span class='ocr_line' id='line_1_6' title="bbox 67 896 1087 971; baseline 0.002 -17"><span class='ocrx_word' id='word_1_27' title='bbox 67 896 158 971; x_wconf 79' lang='lat' dir='ltr'>signati</span> <span class='ocrx_word' id='word_1_28' title='bbox 188 915 223 958; x_wconf 83' lang='lat' dir='ltr'>ex</span> <span class='ocrx_word' id='word_1_29' title='bbox 243 906 306 959; x_wconf 90' lang='lat' dir='ltr'>tota</span> <span class='ocrx_word' id='word_1_30' title='bbox 324 900 496 962; x_wconf 77' lang='lat' dir='ltr'>Alemannis</span> <span class='ocrx_word' id='word_1_31' title='bbox 516 919 552 960; x_wconf 90' lang='lat' dir='ltr'>ao</span> <span class='ocrx_word' id='word_1_32' title='bbox 572 901 665 960; x_wconf 87' lang='lat' dir='ltr'>Frisia</span> <span class='ocrx_word' id='word_1_33' title='bbox 685 917 751 961; x_wconf 91' lang='lat' dir='ltr'>cum</span> <span class='ocrx_word' id='word_1_34' title='bbox 772 901 904 960; x_wconf 80' lang='lat' dir='ltr'><strong>trecentis</strong></span> <span class='ocrx_word' id='word_1_35' title='bbox 924 899 983 958; x_wconf 89' lang='lat' dir='ltr'>fere</span> <span class='ocrx_word' id='word_1_36' title='bbox 1003 899 1087 957; x_wconf 84' lang='lat' dir='ltr'>navi·</span> 
     </span>
     <span class='ocr_line' id='line_1_7' title="bbox 69 981 1087 1063; baseline 0.004 -23"><span class='ocrx_word' id='word_1_37' title='bbox 69 981 115 1042; x_wconf 86' lang='lat' dir='ltr'>bus</span> <span class='ocrx_word' id='word_1_38' title='bbox 134 985 204 1046; x_wconf 84' lang='lat' dir='ltr'>circa</span> <span class='ocrx_word' id='word_1_39' title='bbox 224 986 294 1046; x_wconf 89' lang='lat' dir='ltr'>Idus</span> <span class='ocrx_word' id='word_1_40' title='bbox 315 987 386 1047; x_wconf 86' lang='lat' dir='ltr'>Juiii</span> <span class='ocrx_word' id='word_1_41' title='bbox 406 990 582 1048; x_wconf 79' lang='lat' dir='ltr'>intraverunt</span> <span class='ocrx_word' id='word_1_42' title='bbox 602 995 716 1063; x_wconf 90' lang='lat' dir='ltr'>portum</span> <span class='ocrx_word' id='word_1_43' title='bbox 737 987 930 1046; x_wconf 87' lang='lat' dir='ltr'>Ulixisbonee.</span> <span class='ocrx_word' id='word_1_44' title='bbox 972 985 1007 1044; x_wconf 91' lang='lat' dir='ltr'>In</span> <span class='ocrx_word' id='word_1_45' title='bbox 1029 997 1087 1061; x_wconf 89' lang='lat' dir='ltr'>quo</span> 
     </span>
     <span class='ocr_line' id='line_1_8' title="bbox 70 1067 1087 1151; baseline 0.004 -24"><span class='ocrx_word' id='word_1_46' title='bbox 70 1067 127 1129; x_wconf 88' lang='lat' dir='ltr'>dum</span> <span class='ocrx_word' id='word_1_47' title='bbox 156 1088 205 1147; x_wconf 90' lang='lat' dir='ltr'>per</span> <span class='ocrx_word' id='word_1_48' title='bbox 229 1073 340 1149; x_wconf 71' lang='lat' dir='ltr'>sliquot</span> <span class='ocrx_word' id='word_1_49' title='bbox 369 1073 429 1135; x_wconf 87' lang='lat' dir='ltr'>dies</span> <span class='ocrx_word' id='word_1_50' title='bbox 453 1081 645 1149; x_wconf 81' lang='lat' dir='ltr'>morarentur,</span> <span class='ocrx_word' id='word_1_51' title='bbox 675 1074 771 1151; x_wconf 86' lang='lat' dir='ltr'>plures</span> <span class='ocrx_word' id='word_1_52' title='bbox 792 1089 882 1133; x_wconf 83' lang='lat' dir='ltr'>naves</span> <span class='ocrx_word' id='word_1_53' title='bbox 902 1072 961 1132; x_wconf 86' lang='lat' dir='ltr'>iilic</span> <span class='ocrx_word' id='word_1_54' title='bbox 982 1088 1087 1146; x_wconf 86' lang='lat' dir='ltr'>exspe-</span> 
     </span>
     <span class='ocr_line' id='line_1_9' title="bbox 69 1158 1087 1241; baseline 0.002 -25"><span class='ocrx_word' id='word_1_55' title='bbox 69 1161 179 1232; x_wconf 83' lang='lat' dir='ltr'>ctantes,</span> <span class='ocrx_word' id='word_1_56' title='bbox 204 1160 242 1219; x_wconf 87' lang='lat' dir='ltr'>ad</span> <span class='ocrx_word' id='word_1_57' title='bbox 268 1163 432 1236; x_wconf 81' lang='lat' dir='ltr'><strong>petitionem</strong></span> <span class='ocrx_word' id='word_1_58' title='bbox 453 1162 553 1226; x_wconf 83' lang='lat' dir='ltr'>Severi</span> <span class='ocrx_word' id='word_1_59' title='bbox 562 1158 580 1241; x_wconf 83' lang='lat'>¹)</span> <span class='ocrx_word' id='word_1_60' title='bbox 600 1162 736 1238; x_wconf 81' lang='lat' dir='ltr'>Episcopi</span> <span class='ocrx_word' id='word_1_61' title='bbox 756 1163 815 1220; x_wconf 90' lang='lat' dir='ltr'>iam</span> <span class='ocrx_word' id='word_1_62' title='bbox 836 1159 929 1220; x_wconf 85' lang='lat' dir='ltr'>diotae</span> <span class='ocrx_word' id='word_1_63' title='bbox 950 1161 1087 1234; x_wconf 85' lang='lat' dir='ltr'>civitatis,</span> 
     </span>
     <span class='ocr_line' id='line_1_10' title="bbox 69 1242 1143 1329; baseline 0.006 -29"><span class='ocrx_word' id='word_1_64' title='bbox 69 1248 93 1300; x_wconf 89' lang='lat' dir='ltr'>et</span> <span class='ocrx_word' id='word_1_65' title='bbox 118 1243 245 1322; x_wconf 73' lang='lat' dir='ltr'>Episcopi</span> <span class='ocrx_word' id='word_1_66' title='bbox 276 1247 430 1308; x_wconf 85' lang='lat' dir='ltr'>Eborensis</span> <span class='ocrx_word' id='word_1_67' title='bbox 438 1242 479 1329; x_wconf 88' lang='lat'>²),</span> <span class='ocrx_word' id='word_1_68' title='bbox 510 1265 565 1308; x_wconf 89' lang='lat' dir='ltr'>neo</span> <span class='ocrx_word' id='word_1_69' title='bbox 596 1265 652 1308; x_wconf 90' lang='lat' dir='ltr'>nou</span> <span class='ocrx_word' id='word_1_70' title='bbox 686 1256 715 1308; x_wconf 87' lang='lat' dir='ltr'>et</span> <span class='ocrx_word' id='word_1_71' title='bbox 746 1247 971 1324; x_wconf 66' lang='lat' dir='ltr'>&#39;templariorum</span> <span class='ocrx_word' id='word_1_72' title='bbox 998 1251 1087 1323; x_wconf 85' lang='lat' dir='ltr'>etque</span> <span class='ocrx_word' id='word_1_73' title='bbox 1140 1287 1143 1296; x_wconf 82' lang='lat'>·</span> 
     </span>
     <span class='ocr_line' id='line_1_11' title="bbox 68 1327 1087 1413; baseline 0.001 -20"><span class='ocrx_word' id='word_1_74' title='bbox 68 1327 317 1408; x_wconf 79' lang='lat' dir='ltr'>Hospitulariorum,</span> <span class='ocrx_word' id='word_1_75' title='bbox 341 1342 466 1394; x_wconf 68' lang='lat' dir='ltr'>emtum</span> <span class='ocrx_word' id='word_1_76' title='bbox 487 1335 710 1396; x_wconf 81' lang='lat' dir='ltr'>Sarracenormn</span> <span class='ocrx_word' id='word_1_77' title='bbox 731 1337 845 1394; x_wconf 88' lang='lat' dir='ltr'>nomine</span> <span class='ocrx_word' id='word_1_78' title='bbox 865 1331 1036 1413; x_wconf 67' lang='lat' dir='ltr'>Alkmeri),</span> <span class='ocrx_word' id='word_1_79' title='bbox 1056 1332 1087 1394; x_wconf 84' lang='lat' dir='ltr'>id</span> 
     </span>
     <span class='ocr_line' id='line_1_12' title="bbox 68 1419 1087 1496; baseline 0.003 -21"><span class='ocrx_word' id='word_1_80' title='bbox 68 1424 105 1475; x_wconf 85' lang='lat' dir='ltr'>est</span> <span class='ocrx_word' id='word_1_81' title='bbox 121 1421 242 1479; x_wconf 88' lang='lat' dir='ltr'>omnium</span> <span class='ocrx_word' id='word_1_82' title='bbox 265 1437 374 1496; x_wconf 84' lang='lat' dir='ltr'>carcer,</span> <span class='ocrx_word' id='word_1_83' title='bbox 402 1422 585 1482; x_wconf 88' lang='lat' dir='ltr'>obsederunt</span> <span class='ocrx_word' id='word_1_84' title='bbox 627 1423 716 1484; x_wconf 83' lang='lat' dir='ltr'>Sexta</span> <span class='ocrx_word' id='word_1_85' title='bbox 736 1439 805 1482; x_wconf 81' lang='lat' dir='ltr'>vero</span> <span class='ocrx_word' id='word_1_86' title='bbox 826 1423 897 1482; x_wconf 86' lang='lat' dir='ltr'>ieris</span> <span class='ocrx_word' id='word_1_87' title='bbox 915 1426 982 1496; x_wconf 86' lang='lat' dir='ltr'>post</span> <span class='ocrx_word' id='word_1_88' title='bbox 1002 1419 1087 1481; x_wconf 86' lang='lat' dir='ltr'>Nati-</span> 
     </span>
     <span class='ocr_line' id='line_1_13' title="bbox 68 1504 1086 1586; baseline 0.006 -24"><span class='ocrx_word' id='word_1_89' title='bbox 68 1504 170 1564; x_wconf 78' lang='lat' dir='ltr'>nuum</span> <span class='ocrx_word' id='word_1_90' title='bbox 197 1506 300 1568; x_wconf 81' lang='lat' dir='ltr'>beatae</span> <span class='ocrx_word' id='word_1_91' title='bbox 327 1509 385 1568; x_wconf 93' lang='lat' dir='ltr'>Dei</span> <span class='ocrx_word' id='word_1_92' title='bbox 411 1509 562 1570; x_wconf 81' lang='lat' dir='ltr'>Genitricis</span> <span class='ocrx_word' id='word_1_93' title='bbox 582 1508 692 1572; x_wconf 80' lang='lat' dir='ltr'>Murice</span> <span class='ocrx_word' id='word_1_94' title='bbox 714 1510 879 1586; x_wconf 80' lang='lat' dir='ltr'>congregati</span> <span class='ocrx_word' id='word_1_95' title='bbox 899 1513 965 1566; x_wconf 87' lang='lat' dir='ltr'>sunt</span> <span class='ocrx_word' id='word_1_96' title='bbox 987 1514 1086 1568; x_wconf 90' lang='lat' dir='ltr'>contra</span> 
     </span>
     <span class='ocr_line' id='line_1_14' title="bbox 69 1594 1086 1677; baseline 0.006 -29"><span class='ocrx_word' id='word_1_97' title='bbox 69 1603 111 1648; x_wconf 87' lang='lat' dir='ltr'>eos</span> <span class='ocrx_word' id='word_1_98' title='bbox 128 1599 245 1666; x_wconf 85' lang='lat' dir='ltr'>quatuor</span> <span class='ocrx_word' id='word_1_99' title='bbox 264 1595 485 1657; x_wconf 85' lang='lat' dir='ltr'>Sarracenorum</span> <span class='ocrx_word' id='word_1_100' title='bbox 505 1597 601 1673; x_wconf 81' lang='lat' dir='ltr'>Reges</span> <span class='ocrx_word' id='word_1_101' title='bbox 608 1594 646 1677; x_wconf 79' lang='lat'>⁴),</span> <span class='ocrx_word' id='word_1_102' title='bbox 676 1595 816 1656; x_wconf 87' lang='lat' dir='ltr'>habentes</span> <span class='ocrx_word' id='word_1_103' title='bbox 835 1598 865 1654; x_wconf 95' lang='lat' dir='ltr'>in</span> <span class='ocrx_word' id='word_1_104' title='bbox 886 1596 1086 1654; x_wconf 75' lang='lat' dir='ltr'>exercitarent</span> 
     </span>
     <span class='ocr_line' id='line_1_15' title="bbox 68 1673 1086 1759; baseline 0.004 -23"><span class='ocrx_word' id='word_1_105' title='bbox 68 1673 99 1736; x_wconf 84' lang='lat' dir='ltr'>ed</span> <span class='ocrx_word' id='word_1_106' title='bbox 116 1685 223 1738; x_wconf 86' lang='lat' dir='ltr'>centurn</span> <span class='ocrx_word' id='word_1_107' title='bbox 244 1681 332 1742; x_wconf 85' lang='lat' dir='ltr'>millia</span> <span class='ocrx_word' id='word_1_108' title='bbox 351 1690 553 1759; x_wconf 82' lang='lat' dir='ltr'>pugnatorum.</span> <span class='ocrx_word' id='word_1_109' title='bbox 596 1683 708 1759; x_wconf 81' lang='lat' dir='ltr'>Quibus</span> <span class='ocrx_word' id='word_1_110' title='bbox 722 1682 874 1758; x_wconf 74' lang='lat' dir='ltr'>Christiani</span> <span class='ocrx_word' id='word_1_111' title='bbox 893 1698 1011 1741; x_wconf 90' lang='lat' dir='ltr'>numero</span> <span class='ocrx_word' id='word_1_112' title='bbox 1029 1683 1086 1740; x_wconf 89' lang='lat' dir='ltr'>mi-</span> 
     </span>
     <span class='ocr_line' id='line_1_16' title="bbox 68 1767 1086 1845; baseline 0.006 -25"><span class='ocrx_word' id='word_1_113' title='bbox 68 1779 152 1840; x_wconf 81' lang='lat' dir='ltr'>nores,</span> <span class='ocrx_word' id='word_1_114' title='bbox 171 1767 224 1826; x_wconf 87' lang='lat' dir='ltr'>sed</span> <span class='ocrx_word' id='word_1_115' title='bbox 242 1767 301 1828; x_wconf 87' lang='lat' dir='ltr'>fide</span> <span class='ocrx_word' id='word_1_116' title='bbox 321 1771 460 1845; x_wconf 87' lang='lat' dir='ltr'>maiores,</span> <span class='ocrx_word' id='word_1_117' title='bbox 480 1777 612 1832; x_wconf 86' lang='lat' dir='ltr'>sanetum</span> <span class='ocrx_word' id='word_1_118' title='bbox 633 1769 793 1844; x_wconf 73' lang='lat' dir='ltr'>iacobum,</span> <span class='ocrx_word' id='word_1_119' title='bbox 815 1769 989 1844; x_wconf 81' lang='lat' dir='ltr'>beatumque</span> <span class='ocrx_word' id='word_1_120' title='bbox 1002 1767 1086 1827; x_wconf 78' lang='lat' dir='ltr'>-Vin-</span> 
     </span>
     <span class='ocr_line' id='line_1_17' title="bbox 68 1854 1086 1932; baseline 0.007 -23"><span class='ocrx_word' id='word_1_121' title='bbox 68 1854 175 1912; x_wconf 80' lang='lat' dir='ltr'>centurn</span> <span class='ocrx_word' id='word_1_122' title='bbox 200 1857 325 1931; x_wconf 81' lang='lat' dir='ltr'>regionis</span> <span class='ocrx_word' id='word_1_123' title='bbox 351 1857 426 1916; x_wconf 91' lang='lat' dir='ltr'>illins</span> <span class='ocrx_word' id='word_1_124' title='bbox 453 1863 621 1932; x_wconf 86' lang='lat' dir='ltr'>patronum,</span> <span class='ocrx_word' id='word_1_125' title='bbox 650 1863 679 1916; x_wconf 87' lang='lat' dir='ltr'>et</span> <span class='ocrx_word' id='word_1_126' title='bbox 707 1856 780 1916; x_wconf 87' lang='lat' dir='ltr'>ulios</span> <span class='ocrx_word' id='word_1_127' title='bbox 807 1858 832 1916; x_wconf 86' lang='lat' dir='ltr'>ai</span> <span class='ocrx_word' id='word_1_128' title='bbox 860 1873 932 1932; x_wconf 91' lang='lat' dir='ltr'>qnos</span> <span class='ocrx_word' id='word_1_129' title='bbox 953 1861 1086 1930; x_wconf 83' lang='lat' dir='ltr'>poteraut</span> 
     </span>
     <span class='ocr_line' id='line_1_18' title="bbox 68 1932 1084 2019; baseline 0.005 -22"><span class='ocrx_word' id='word_1_130' title='bbox 68 1945 167 2000; x_wconf 81' lang='lat' dir='ltr'>sanctos</span> <span class='ocrx_word' id='word_1_131' title='bbox 179 1942 353 2016; x_wconf 84' lang='lat' dir='ltr'>invocantes,</span> <span class='ocrx_word' id='word_1_132' title='bbox 373 1943 503 2004; x_wconf 75' lang='lat' dir='ltr'>hostibus</span> <span class='ocrx_word' id='word_1_133' title='bbox 521 1949 711 2004; x_wconf 78' lang='lat' dir='ltr'>occurrerunt</span> <span class='ocrx_word' id='word_1_134' title='bbox 752 1943 788 2002; x_wconf 93' lang='lat' dir='ltr'>In</span> <span class='ocrx_word' id='word_1_135' title='bbox 808 1945 901 2019; x_wconf 90' lang='lat' dir='ltr'>primo</span> <span class='ocrx_word' id='word_1_136' title='bbox 921 1959 991 2002; x_wconf 83' lang='lat' dir='ltr'>vero</span> <span class='ocrx_word' id='word_1_137' title='bbox 1012 1932 1084 2002; x_wconf 84' lang='lat' dir='ltr'>con-</span> 
     </span>
     <span class='ocr_line' id='line_1_19' title="bbox 68 2028 1084 2110; baseline 0.003 -25"><span class='ocrx_word' id='word_1_138' title='bbox 68 2039 152 2098; x_wconf 81' lang='lat' dir='ltr'>gressu</span> <span class='ocrx_word' id='word_1_139' title='bbox 164 2044 236 2087; x_wconf 87' lang='lat' dir='ltr'>nnus</span> <span class='ocrx_word' id='word_1_140' title='bbox 249 2029 363 2106; x_wconf 84' lang='lat' dir='ltr'>Regum</span> <span class='ocrx_word' id='word_1_141' title='bbox 375 2028 521 2110; x_wconf 81' lang='lat' dir='ltr'>cecidit⁵);</span> <span class='ocrx_word' id='word_1_142' title='bbox 542 2032 753 2092; x_wconf 88' lang='lat' dir='ltr'>interfectorum</span> <span class='ocrx_word' id='word_1_143' title='bbox 772 2047 829 2091; x_wconf 88' lang='lat' dir='ltr'>non</span> <span class='ocrx_word' id='word_1_144' title='bbox 852 2036 914 2090; x_wconf 85' lang='lat' dir='ltr'>eret</span> <span class='ocrx_word' id='word_1_145' title='bbox 933 2047 1084 2105; x_wconf 83' lang='lat' dir='ltr'>numerus3</span> 
     </span>
     <span class='ocr_line' id='line_1_20' title="bbox 68 2109 1085 2196; baseline 0.005 -27"><span class='ocrx_word' id='word_1_146' title='bbox 68 2109 164 2184; x_wconf 87' lang='lat' dir='ltr'>plurimi</span> <span class='ocrx_word' id='word_1_147' title='bbox 191 2117 327 2192; x_wconf 80' lang='lat' dir='ltr'>captivati</span> <span class='ocrx_word' id='word_1_148' title='bbox 355 2124 429 2176; x_wconf 85' lang='lat' dir='ltr'>sunt.</span> <span class='ocrx_word' id='word_1_149' title='bbox 472 2117 529 2193; x_wconf 83' lang='lat' dir='ltr'>Qui</span> <span class='ocrx_word' id='word_1_150' title='bbox 558 2135 623 2178; x_wconf 88' lang='lat' dir='ltr'>cum</span> <span class='ocrx_word' id='word_1_151' title='bbox 650 2135 703 2196; x_wconf 87' lang='lat' dir='ltr'>per</span> <span class='ocrx_word' id='word_1_152' title='bbox 724 2120 880 2178; x_wconf 87' lang='lat' dir='ltr'>exereitum</span> <span class='ocrx_word' id='word_1_153' title='bbox 901 2117 1085 2191; x_wconf 86' lang='lat' dir='ltr'>ducerentur,</span> 
     </span>
     <span class='ocr_line' id='line_1_21' title="bbox 69 2200 1085 2284; baseline 0.002 -25"><span class='ocrx_word' id='word_1_154' title='bbox 69 2201 226 2270; x_wconf 74' lang='lat' dir='ltr'>quaerebant</span> <span class='ocrx_word' id='word_1_155' title='bbox 246 2220 265 2262; x_wconf 89' lang='lat' dir='ltr'>e</span> <span class='ocrx_word' id='word_1_156' title='bbox 287 2200 478 2284; x_wconf 71' lang='lat' dir='ltr'>Christianist)</span> <span class='ocrx_word' id='word_1_157' title='bbox 508 2207 589 2281; x_wconf 82' lang='lat' dir='ltr'>signe</span> <span class='ocrx_word' id='word_1_158' title='bbox 618 2207 774 2281; x_wconf 86' lang='lat' dir='ltr'>victorum,</span> <span class='ocrx_word' id='word_1_159' title='bbox 802 2211 963 2266; x_wconf 79' lang='lat' dir='ltr'>asserentes</span> <span class='ocrx_word' id='word_1_160' title='bbox 985 2202 1085 2264; x_wconf 77' lang='lat' dir='ltr'>mndi-</span> 
     </span>
     <span class='ocr_line' id='line_1_22' title="bbox 62 2279 1086 2369; baseline 0.01 -29"><span class='ocrx_word' id='word_1_161' title='bbox 62 2279 195 2346; x_wconf 59' lang='lat' dir='ltr'>,disrimum</span> <span class='ocrx_word' id='word_1_162' title='bbox 222 2292 314 2350; x_wconf 86' lang='lat' dir='ltr'>aciem</span> <span class='ocrx_word' id='word_1_163' title='bbox 343 2307 440 2352; x_wconf 87' lang='lat' dir='ltr'>cruces</span> <span class='ocrx_word' id='word_1_164' title='bbox 468 2292 573 2351; x_wconf 82' lang='lat' dir='ltr'>rubeas</span> <span class='ocrx_word' id='word_1_165' title='bbox 600 2294 631 2350; x_wconf 91' lang='lat' dir='ltr'>in</span> <span class='ocrx_word' id='word_1_166' title='bbox 651 2298 767 2368; x_wconf 79' lang='lat' dir='ltr'>pectore</span> <span class='ocrx_word' id='word_1_167' title='bbox 788 2297 935 2369; x_wconf 82' lang='lat' dir='ltr'>gerentes,</span> <span class='ocrx_word' id='word_1_168' title='bbox 968 2307 1086 2350; x_wconf 89' lang='lat' dir='ltr'>suorum</span> 
     </span>
     <span class='ocr_line' id='line_1_23' title="bbox 67 2369 1085 2458; baseline 0.011 -31"><span class='ocrx_word' id='word_1_169' title='bbox 67 2369 256 2436; x_wconf 77' lang='lat' dir='ltr'>multitudinem</span> <span class='ocrx_word' id='word_1_170' title='bbox 277 2378 306 2434; x_wconf 90' lang='lat' dir='ltr'>in</span> <span class='ocrx_word' id='word_1_171' title='bbox 326 2377 424 2453; x_wconf 85' lang='lat' dir='ltr'>fugem</span> <span class='ocrx_word' id='word_1_172' title='bbox 442 2380 623 2438; x_wconf 87' lang='lat' dir='ltr'>convertisse.</span> <span class='ocrx_word' id='word_1_173' title='bbox 665 2379 788 2456; x_wconf 83' lang='lat' dir='ltr'>Insuper</span> <span class='ocrx_word' id='word_1_174' title='bbox 809 2375 867 2458; x_wconf 61' lang='grc' dir='ltr'>π’)</span> <span class='ocrx_word' id='word_1_175' title='bbox 888 2379 991 2455; x_wconf 83' lang='lat' dir='ltr'>galeae</span> <span class='ocrx_word' id='word_1_176' title='bbox 1011 2394 1085 2452; x_wconf 87' lang='lat' dir='ltr'>quas</span> 
     </span>
     <span class='ocr_line' id='line_1_24' title="bbox 66 2463 1085 2540; baseline 0.007 -23"><span class='ocrx_word' id='word_1_177' title='bbox 66 2471 109 2530; x_wconf 86' lang='lat' dir='ltr'>per</span> <span class='ocrx_word' id='word_1_178' title='bbox 125 2477 198 2522; x_wconf 86' lang='lat' dir='ltr'>nare</span> <span class='ocrx_word' id='word_1_179' title='bbox 219 2469 319 2523; x_wconf 86' lang='lat' dir='ltr'>contre</span> <span class='ocrx_word' id='word_1_180' title='bbox 332 2463 505 2524; x_wconf 80' lang='lat' dir='ltr'>Christianos</span> <span class='ocrx_word' id='word_1_181' title='bbox 526 2464 729 2540; x_wconf 85' lang='lat' dir='ltr'>conduxerant,</span> <span class='ocrx_word' id='word_1_182' title='bbox 750 2465 881 2525; x_wconf 87' lang='lat' dir='ltr'>coelestis</span> <span class='ocrx_word' id='word_1_183' title='bbox 898 2465 974 2524; x_wconf 90' lang='lat' dir='ltr'>illius</span> <span class='ocrx_word' id='word_1_184' title='bbox 995 2465 1085 2524; x_wconf 82' lang='lat' dir='ltr'>risio-</span> 
     </span>
     <span class='ocr_line' id='line_1_25' title="bbox 65 2545 1084 2630; baseline 0.008 -27"><span class='ocrx_word' id='word_1_185' title='bbox 65 2545 102 2604; x_wconf 87' lang='lat' dir='ltr'>uis</span> <span class='ocrx_word' id='word_1_186' title='bbox 125 2553 225 2609; x_wconf 88' lang='lat' dir='ltr'>terrore</span> <span class='ocrx_word' id='word_1_187' title='bbox 254 2557 321 2610; x_wconf 88' lang='lat' dir='ltr'>sunt</span> <span class='ocrx_word' id='word_1_188' title='bbox 347 2550 472 2628; x_wconf 72' lang='lat' dir='ltr'>fugatae.</span> <span class='ocrx_word' id='word_1_189' title='bbox 513 2551 600 2627; x_wconf 80' lang='lat' dir='ltr'>Quod</span> <span class='ocrx_word' id='word_1_190' title='bbox 626 2555 768 2630; x_wconf 84' lang='lat' dir='ltr'>peregrini</span> <span class='ocrx_word' id='word_1_191' title='bbox 787 2551 949 2626; x_wconf 85' lang='lat' dir='ltr'>audientes,</span> <span class='ocrx_word' id='word_1_192' title='bbox 977 2553 1084 2629; x_wconf 79' lang='lat' dir='ltr'>gratias</span> 
     </span>
     <span class='ocr_line' id='line_1_26' title="bbox 65 2635 1084 2719; baseline 0.003 -25"><span class='ocrx_word' id='word_1_193' title='bbox 65 2640 170 2706; x_wconf 77' lang='lat' dir='ltr'>egerunt</span> <span class='ocrx_word' id='word_1_194' title='bbox 188 2635 315 2712; x_wconf 81' lang='lat' dir='ltr'>Christo,</span> <span class='ocrx_word' id='word_1_195' title='bbox 336 2639 384 2714; x_wconf 87' lang='lat' dir='ltr'>qui</span> <span class='ocrx_word' id='word_1_196' title='bbox 404 2645 563 2716; x_wconf 86' lang='lat' dir='ltr'>martyrum</span> <span class='ocrx_word' id='word_1_197' title='bbox 584 2653 701 2700; x_wconf 84' lang='lat' dir='ltr'>suomm</span> <span class='ocrx_word' id='word_1_198' title='bbox 723 2635 856 2719; x_wconf 81' lang='lat' dir='ltr'>auxilie⁰)</span> <span class='ocrx_word' id='word_1_199' title='bbox 878 2641 919 2699; x_wconf 88' lang='lat' dir='ltr'>eis</span> <span class='ocrx_word' id='word_1_200' title='bbox 942 2639 1084 2698; x_wconf 84' lang='lat' dir='ltr'>destinare</span> 
     </span>
     <span class='ocr_line' id='line_1_27' title="bbox 64 2715 1084 2799; baseline 0.001 -17"><span class='ocrx_word' id='word_1_201' title='bbox 64 2715 181 2794; x_wconf 69' lang='lat' dir='ltr'>dignius</span> <span class='ocrx_word' id='word_1_202' title='bbox 208 2729 252 2783; x_wconf 89' lang='lat' dir='ltr'>est</span> <span class='ocrx_word' id='word_1_203' title='bbox 280 2723 316 2784; x_wconf 92' lang='lat' dir='ltr'>de</span> <span class='ocrx_word' id='word_1_204' title='bbox 348 2724 439 2785; x_wconf 88' lang='lat' dir='ltr'>coelo.</span> <span class='ocrx_word' id='word_1_205' title='bbox 480 2725 564 2786; x_wconf 82' lang='lat' dir='ltr'>Haec</span> <span class='ocrx_word' id='word_1_206' title='bbox 590 2727 659 2786; x_wconf 88' lang='lat' dir='ltr'>mihi</span> <span class='ocrx_word' id='word_1_207' title='bbox 688 2725 779 2786; x_wconf 87' lang='lat' dir='ltr'>relata</span> <span class='ocrx_word' id='word_1_208' title='bbox 806 2732 874 2786; x_wconf 90' lang='lat' dir='ltr'>sunt</span> <span class='ocrx_word' id='word_1_209' title='bbox 901 2725 938 2785; x_wconf 89' lang='lat' dir='ltr'>ab</span> <span class='ocrx_word' id='word_1_210' title='bbox 967 2725 1013 2784; x_wconf 92' lang='lat' dir='ltr'>his</span> <span class='ocrx_word' id='word_1_211' title='bbox 1034 2725 1084 2799; x_wconf 90' lang='lat' dir='ltr'>qui</span> 
     </span>
     <span class='ocr_line' id='line_1_28' title="bbox 64 2809 1084 2888; baseline 0.01 -26"><span class='ocrx_word' id='word_1_212' title='bbox 64 2811 192 2867; x_wconf 83' lang='lat' dir='ltr'>certamini</span> <span class='ocrx_word' id='word_1_213' title='bbox 218 2811 418 2886; x_wconf 84' lang='lat' dir='ltr'>interfuerunt,</span> <span class='ocrx_word' id='word_1_214' title='bbox 452 2818 480 2871; x_wconf 90' lang='lat' dir='ltr'>et</span> <span class='ocrx_word' id='word_1_215' title='bbox 509 2830 544 2872; x_wconf 85' lang='lat' dir='ltr'>ex</span> <span class='ocrx_word' id='word_1_216' title='bbox 573 2829 622 2872; x_wconf 91' lang='lat' dir='ltr'>ore</span> <span class='ocrx_word' id='word_1_217' title='bbox 651 2813 872 2874; x_wconf 78' lang='lat' dir='ltr'>serracenorum</span> <span class='ocrx_word' id='word_1_218' title='bbox 904 2825 979 2888; x_wconf 83' lang='lat' dir='ltr'>quse</span> <span class='ocrx_word' id='word_1_219' title='bbox 1007 2809 1084 2872; x_wconf 79' lang='lat' dir='ltr'>dicte</span> 
     </span>
     <span class='ocr_line' id='line_1_29' title="bbox 62 2895 1083 2975; baseline 0.007 -25"><span class='ocrx_word' id='word_1_220' title='bbox 62 2899 118 2950; x_wconf 85' lang='lat' dir='ltr'>sunt</span> <span class='ocrx_word' id='word_1_221' title='bbox 145 2895 300 2956; x_wconf 88' lang='lat' dir='ltr'>andierunt.</span> <span class='ocrx_word' id='word_1_222' title='bbox 348 2897 551 2959; x_wconf 84' lang='lat' dir='ltr'>NOVICIUS:</span> <span class='ocrx_word' id='word_1_223' title='bbox 579 2900 670 2959; x_wconf 87' lang='lat' dir='ltr'>Estne</span> <span class='ocrx_word' id='word_1_224' title='bbox 700 2906 852 2975; x_wconf 80' lang='lat' dir='ltr'>peccatum</span> <span class='ocrx_word' id='word_1_225' title='bbox 884 2915 951 2958; x_wconf 92' lang='lat' dir='ltr'>curn</span> <span class='ocrx_word' id='word_1_226' title='bbox 971 2904 1083 2975; x_wconf 83' lang='lat' dir='ltr'>marty·</span> 
     </span>
     <span class='ocr_line' id='line_1_30' title="bbox 63 2981 1083 3065; baseline 0.007 -27"><span class='ocrx_word' id='word_1_227' title='bbox 63 2981 254 3058; x_wconf 84' lang='lat' dir='ltr'>umrelequiis</span> <span class='ocrx_word' id='word_1_228' title='bbox 275 2986 315 3044; x_wconf 91' lang='lat' dir='ltr'>ire</span> <span class='ocrx_word' id='word_1_229' title='bbox 337 2984 375 3043; x_wconf 85' lang='lat' dir='ltr'>ad</span> <span class='ocrx_word' id='word_1_230' title='bbox 396 2987 537 3061; x_wconf 82' lang='lat' dir='ltr'>exquisite</span> <span class='ocrx_word' id='word_1_231' title='bbox 544 2982 566 3065; x_wconf 80' lang='lat'>⁹)</span> <span class='ocrx_word' id='word_1_232' title='bbox 587 2986 729 3048; x_wconf 79' lang='lat' dir='ltr'>naturaei</span> <span class='ocrx_word' id='word_1_233' title='bbox 749 2983 985 3047; x_wconf 83' lang='lat' dir='ltr'><strong>MONAGEUS:</strong></span> <span class='ocrx_word' id='word_1_234' title='bbox 1006 2985 1083 3046; x_wconf 88' lang='lat' dir='ltr'>Peo-</span> 
     </span>
     <span class='ocr_line' id='line_1_31' title="bbox 62 3071 1082 3148; baseline 0.008 -24"><span class='ocrx_word' id='word_1_235' title='bbox 62 3071 144 3128; x_wconf 85' lang='lat' dir='ltr'>uatum</span> <span class='ocrx_word' id='word_1_236' title='bbox 161 3077 210 3144; x_wconf 83' lang='lat' dir='ltr'>est,</span> <span class='ocrx_word' id='word_1_237' title='bbox 231 3073 415 3148; x_wconf 84' lang='lat' dir='ltr'>sigestentes</span> <span class='ocrx_word' id='word_1_238' title='bbox 428 3071 490 3131; x_wconf 86' lang='lat' dir='ltr'>illas</span> <span class='ocrx_word' id='word_1_239' title='bbox 504 3090 562 3132; x_wconf 91' lang='lat' dir='ltr'>non</span> <span class='ocrx_word' id='word_1_240' title='bbox 580 3073 759 3133; x_wconf 83' lang='lat' dir='ltr'>excusaverit</span> <span class='ocrx_word' id='word_1_241' title='bbox 778 3075 943 3133; x_wconf 88' lang='lat' dir='ltr'>necessitas.</span> <span class='ocrx_word' id='word_1_242' title='bbox 984 3071 1082 3134; x_wconf 78' lang='lat' dir='ltr'>Sancti</span> 
     </span>
     <span class='ocr_line' id='line_1_32' title="bbox 62 3153 789 3237; baseline 0.014 -29"><span class='ocrx_word' id='word_1_243' title='bbox 62 3165 109 3212; x_wconf 90' lang='lat' dir='ltr'>uon</span> <span class='ocrx_word' id='word_1_244' title='bbox 127 3155 278 3218; x_wconf 86' lang='lat' dir='ltr'>abhorrent</span> <span class='ocrx_word' id='word_1_245' title='bbox 297 3158 436 3219; x_wconf 86' lang='lat' dir='ltr'>tectorem</span> <span class='ocrx_word' id='word_1_246' title='bbox 456 3153 584 3235; x_wconf 84' lang='lat' dir='ltr'>naturae,</span> <span class='ocrx_word' id='word_1_247' title='bbox 605 3161 656 3220; x_wconf 84' lang='lat' dir='ltr'>sed</span> <span class='ocrx_word' id='word_1_248' title='bbox 679 3160 789 3237; x_wconf 87' lang='lat' dir='ltr'>cnlpae.</span> 
     </span>
    </p>
   </div>
   <div class='ocr_carea' id='block_1_5' title="bbox 88 3373 1081 3935">
    <p class='ocr_par' dir='ltr' id='par_1_5' title="bbox 88 3373 1081 3935">
     <span class='ocr_line' id='line_1_33' title="bbox 88 3373 1081 3526; baseline 0.003 -25"><span class='ocrx_word' id='word_1_249' title='bbox 88 3373 1081 3526; x_wconf 56' lang='lat' dir='ltr'>³{ittttiiitt:ittrittti.t¹;t¹·,ttttt·ituit</span> 
     </span>
     <span class='ocr_line' id='line_1_34' title="bbox 115 3513 1079 3596; baseline 0.004 -28"><span class='ocrx_word' id='word_1_250' title='bbox 115 3513 225 3570; x_wconf 79' lang='lat' dir='ltr'>inductus</span> <span class='ocrx_word' id='word_1_251' title='bbox 237 3517 376 3582; x_wconf 76' lang='lat' dir='ltr'>chronicis,</span> <span class='ocrx_word' id='word_1_252' title='bbox 393 3523 478 3587; x_wconf 84' lang='lat' dir='ltr'>posuit</span> <span class='ocrx_word' id='word_1_253' title='bbox 489 3519 642 3588; x_wconf 83' lang='lat' dir='ltr'>Episcopum</span> <span class='ocrx_word' id='word_1_254' title='bbox 661 3520 820 3596; x_wconf 80' lang='lat' dir='ltr'>biatheus,</span> <span class='ocrx_word' id='word_1_255' title='bbox 837 3519 937 3573; x_wconf 84' lang='lat' dir='ltr'>Lusied.</span> <span class='ocrx_word' id='word_1_256' title='bbox 954 3518 1020 3588; x_wconf 71' lang='lat' dir='ltr'>vrri,</span> <span class='ocrx_word' id='word_1_257' title='bbox 1036 3519 1079 3573; x_wconf 75' lang='lat'>24,</span> 
     </span>
     <span class='ocr_line' id='line_1_35' title="bbox 117 3587 1080 3658; baseline 0.005 -20"><span class='ocrx_word' id='word_1_258' title='bbox 117 3613 144 3626; x_wconf 92' lang='lat'>·-</span> <span class='ocrx_word' id='word_1_259' title='bbox 167 3587 199 3655; x_wconf 82' lang='lat'>2)</span> <span class='ocrx_word' id='word_1_260' title='bbox 215 3587 313 3650; x_wconf 84' lang='lat' dir='ltr'>Ebora,</span> <span class='ocrx_word' id='word_1_261' title='bbox 336 3589 429 3642; x_wconf 79' lang='lat' dir='ltr'>Ereta.</span> <span class='ocrx_word' id='word_1_262' title='bbox 456 3619 486 3630; x_wconf 89' lang='lat'><em>-</em></span> <span class='ocrx_word' id='word_1_263' title='bbox 511 3591 544 3658; x_wconf 83' lang='lat'>3)</span> <span class='ocrx_word' id='word_1_264' title='bbox 569 3591 674 3643; x_wconf 81' lang='lat' dir='ltr'>Alcseer</span> <span class='ocrx_word' id='word_1_265' title='bbox 696 3590 730 3642; x_wconf 91' lang='lat' dir='ltr'>do</span> <span class='ocrx_word' id='word_1_266' title='bbox 752 3591 802 3642; x_wconf 88' lang='lat' dir='ltr'>Sat.</span> <span class='ocrx_word' id='word_1_267' title='bbox 820 3589 965 3644; x_wconf 67' lang='lat' dir='ltr'>Barros.</span> <span class='ocrx_word' id='word_1_268' title='bbox 991 3619 1023 3629; x_wconf 90' lang='lat'><em>-</em></span> <span class='ocrx_word' id='word_1_269' title='bbox 1047 3591 1080 3657; x_wconf 79' lang='lat' dir='ltr'>t)</span> 
     </span>
     <span class='ocr_line' id='line_1_36' title="bbox 114 3651 1077 3725; baseline 0.005 -21"><span class='ocrx_word' id='word_1_270' title='bbox 114 3651 161 3706; x_wconf 83' lang='lat' dir='ltr'>hoe</span> <span class='ocrx_word' id='word_1_271' title='bbox 176 3665 229 3722; x_wconf 80' lang='lat' dir='ltr'>set,</span> <span class='ocrx_word' id='word_1_272' title='bbox 251 3659 372 3725; x_wconf 81' lang='lat' dir='ltr'>praetecti</span> <span class='ocrx_word' id='word_1_273' title='bbox 389 3659 487 3712; x_wconf 84' lang='lat' dir='ltr'>urbium</span> <span class='ocrx_word' id='word_1_274' title='bbox 505 3657 611 3724; x_wconf 73' lang='lat' dir='ltr'>Sectile,</span> <span class='ocrx_word' id='word_1_275' title='bbox 629 3657 761 3723; x_wconf 59' lang='lat' dir='ltr'>Cordum</span> <span class='ocrx_word' id='word_1_276' title='bbox 782 3659 846 3711; x_wconf 79' lang='lat' dir='ltr'>icen</span> <span class='ocrx_word' id='word_1_277' title='bbox 864 3669 890 3712; x_wconf 84' lang='lat' dir='ltr'>et</span> <span class='ocrx_word' id='word_1_278' title='bbox 906 3657 1029 3724; x_wconf 82' lang='lat' dir='ltr'>Badnjor.</span> <span class='ocrx_word' id='word_1_279' title='bbox 1046 3687 1077 3700; x_wconf 90' lang='lat'><em>-</em></span> 
     </span>
     <span class='ocr_line' id='line_1_37' title="bbox 116 3723 1080 3798; baseline 0.003 -23"><span class='ocrx_word' id='word_1_280' title='bbox 116 3723 176 3792; x_wconf 70' lang='lat'>⁵)[1</span> <span class='ocrx_word' id='word_1_281' title='bbox 190 3725 314 3780; x_wconf 84' lang='lat' dir='ltr'>cecidit</span> <span class='ocrx_word' id='word_1_282' title='bbox 330 3730 455 3796; x_wconf 75' lang='lat' dir='ltr'>et—ti)</span> <span class='ocrx_word' id='word_1_283' title='bbox 474 3729 491 3781; x_wconf 78' lang='grc' dir='ltr'><strong><em>Ρ</em></strong></span> <span class='ocrx_word' id='word_1_284' title='bbox 509 3729 709 3783; x_wconf 82' lang='lat' dir='ltr'>ducerentur</span> <span class='ocrx_word' id='word_1_285' title='bbox 726 3745 741 3782; x_wconf 87' lang='lat' dir='ltr'>a</span> <span class='ocrx_word' id='word_1_286' title='bbox 760 3727 965 3782; x_wconf 80' lang='lat' dir='ltr'>Christianis</span> <span class='ocrx_word' id='word_1_287' title='bbox 983 3742 1080 3798; x_wconf 84' lang='lat' dir='ltr'>quse·</span> 
     </span>
     <span class='ocr_line' id='line_1_38' title="bbox 115 3793 1079 3917; baseline 0.003 -72"><span class='ocrx_word' id='word_1_288' title='bbox 115 3793 232 3917; x_wconf 45' lang='lat' dir='ltr'>babent</span> <span class='ocrx_word' id='word_1_289' title='bbox 249 3825 281 3838; x_wconf 87' lang='lat'><em>-</em></span> <span class='ocrx_word' id='word_1_290' title='bbox 300 3793 333 3866; x_wconf 83' lang='grc'>7)</span> <span class='ocrx_word' id='word_1_291' title='bbox 355 3801 388 3851; x_wconf 85' lang='lat' dir='ltr'>et</span> <span class='ocrx_word' id='word_1_292' title='bbox 411 3797 460 3850; x_wconf 76' lang='lat' dir='ltr'>suu</span> <span class='ocrx_word' id='word_1_293' title='bbox 478 3795 650 3869; x_wconf 75' lang='lat' dir='ltr'>b.--e)13</span> <span class='ocrx_word' id='word_1_294' title='bbox 674 3801 769 3868; x_wconf 74' lang='lat' dir='ltr'>signa</span> <span class='ocrx_word' id='word_1_295' title='bbox 787 3806 820 3851; x_wconf 85' lang='lat' dir='ltr'>et</span> <span class='ocrx_word' id='word_1_296' title='bbox 841 3797 975 3852; x_wconf 81' lang='lat' dir='ltr'>auxilia.</span> <span class='ocrx_word' id='word_1_297' title='bbox 995 3821 1027 3837; x_wconf 80' lang='lat'>—</span> <span class='ocrx_word' id='word_1_298' title='bbox 1046 3795 1079 3864; x_wconf 82' lang='grc'>9)</span> 
     </span>
     <span class='ocr_line' id='line_1_39' title="bbox 148 3867 942 3935; baseline 0.004 -18"><span class='ocrx_word' id='word_1_299' title='bbox 148 3867 318 3935; x_wconf 76' lang='lat' dir='ltr'>requisita.</span> <span class='ocrx_word' id='word_1_300' title='bbox 664 3875 667 3884; x_wconf 82' lang='grc'>’</span> <span class='ocrx_word' id='word_1_301' title='bbox 938 3879 942 3884; x_wconf 91' lang='grc'><em>·</em></span> 
     </span>
    </p>
   </div>
   <div class='ocr_carea' id='block_1_6' title="bbox 0 0 1260 4254">
    <p class='ocr_par' dir='ltr' id='par_1_6' title="bbox 0 0 1260 4254">
     <span class='ocr_line' id='line_1_40' title="bbox 0 0 1260 4254; baseline 0 2"><span class='ocrx_word' id='word_1_302' title='bbox 0 0 1260 4254; x_wconf 95' lang='lat' dir='ltr'> </span> 
     </span>
    </p>
   </div>
  </div>
 </body>
</html>
