2512 4254
164 255 205 316 oo
473 253 701 316 parmomo
724 253 888 316 occisus
1245 211 1246 266 ¹

162 381 302 436 torrentes
322 375 504 436 hederarum
519 373 536 457 ¹)
559 375 736 452 deriventur,
764 393 858 438 sermo
888 393 1011 453 sequens
1032 371 1190 455 declarat2).

162 463 295 525 Lacdme
313 465 385 540 quia
404 465 461 524 cito
483 467 615 538 siceattu,
635 466 752 524 torrenti
776 460 995 544 comparatur³).

526 654 759 716 CAPITULUM
781 653 838 714 XI.

215 779 264 837 De
284 775 410 838 Daniele
430 776 575 835 monacho
597 779 645 835 ceti
667 773 798 836 Christus
820 793 967 852 appareres
989 777 1022 836 ire
1046 793 1144 849 cruce,
1247 853 1248 858 ἵ

431 864 555 922 contulit
575 866 707 939 pretium
728 864 930 922 lacrimarum.

227 985 263 1044 In
286 983 416 1044 Claustro
438 984 571 1044 sacerdos
593 983 709 1059 quidam
730 989 798 1042 ante
820 1001 910 1044 anuos
923 999 1032 1059 paucos
1050 981 1192 1043 defiruetus

164 1079 222 1146 eet,
243 1071 329 1130 homo
351 1069 471 1145 simplex
494 1077 522 1130 et
542 1069 717 1145 illitteratus,
744 1069 848 1130 Daniel
868 1073 999 1144 nomine,
1032 1071 1109 1130 vitae
1130 1069 1191 1128 satis
1248 1103 1249 1130 t

164 1157 260 1218 durae.
291 1155 487 1217 'Orationibus
516 1161 545 1217 et
573 1152 694 1236 veniis⁴)
723 1156 934 1233 infatigabiliter
956 1171 1073 1232 operam
1096 1153 1191 1229 dabat;
1248 1183 1249 1204 t

163 1261 263 1305 omues
291 1240 481 1324 pictancias⁵)
510 1243 564 1304 sibi
590 1246 737 1320 appositae
766 1243 926 1304 recusabat.
969 1243 1027 1303 Hie
1049 1259 1115 1303 cum
1135 1243 1192 1302 viee

163 1331 289 1408 quadam
316 1331 424 1406 piscem
453 1331 507 1389 sibi
535 1332 572 1391 ab
594 1331 712 1390 Abbate
733 1333 853 1389 missum
875 1331 1041 1408 refutasset,
1069 1327 1192 1405 sequenti

164 1425 248 1477 nocte
269 1419 298 1476 in
320 1417 406 1478 choro
429 1415 574 1477 diabolum
603 1435 692 1494 prope
721 1435 752 1478 se
774 1418 846 1476 vidit
866 1419 1012 1492 assistere,
1042 1422 1072 1476 et
1092 1419 1191 1492 piscem
1249 1416 1250 1429 ¹

163 1523 250 1582 quem
284 1507 346 1581 ipse
382 1497 551 1580 despexerat
584 1504 766 1564 manducare.
823 1503 880 1564 Pro
916 1521 975 1579 qua
1009 1503 1193 1563 inobedientia

164 1593 348 1668 corporaliter
376 1592 491 1668 quidem
512 1588 665 1666 satisfecit,
693 1592 745 1650 sed
765 1607 823 1650 non
843 1591 927 1667 plene
948 1591 986 1650 ab
1009 1591 1192 1650 obstinatione

163 1682 289 1739 recessit
337 1680 452 1762 Positus
478 1696 548 1738 vero
561 1685 564 1690 '
578 1680 607 1736 in
628 1694 737 1755 agone,
766 1679 953 1754 sensibusque
974 1679 1033 1736 iam
1061 1677 1192 1737 universis

123 1836 126 1842 ¹
163 1773 361 1843 praemortuus
370 1763 400 1846 ⁶),
422 1766 485 1826 sola
503 1767 676 1825 lucratione
693 1763 771 1824 labia
791 1766 936 1840 movebat,
958 1769 987 1824 et
1007 1781 1067 1825 vox
1086 1763 1193 1842 penitus

163 1870 222 1914 nou
242 1853 421 1928 audiebatur,
444 1859 472 1912 et
493 1854 534 1912 sic
555 1850 686 1911 ultimum
707 1854 737 1910 in
754 1851 902 1927 psallendo
924 1853 1055 1928 spiritum
1069 1847 1192 1910 reddidit

164 1937 221 2002 Iste
243 1939 347 2000 Daniel
367 1939 473 1998 multas
487 1938 676 1998 revelationes
698 1937 807 2014 habuit,
829 1938 921 1998 multa
941 1936 1022 2013 vidit,
1042 1937 1095 1998 sed
1116 1933 1193 1998 valde

163 2043 259 2105 pauca
277 2028 407 2086 innotuit.
451 2025 605 2085 Confessus
632 2031 792 2085 esttamen
813 2026 903 2085 tribus
924 2026 1037 2084 vicibus
1057 2025 1115 2085 sibi
1134 2023 1192 2082 Do·

164 2117 273 2176 minum
287 2115 462 2189 apparuisse.
504 2113 602 2172 Prima
613 2115 675 2172 vice
689 2115 718 2171 in
740 2129 825 2172 cruce
846 2117 913 2172 ante
934 2111 1055 2188 gradum
1075 2111 1193 2188 presby·

163 2203 238 2278 terii3
266 2199 394 2260 secunda
423 2203 453 2259 in
485 2199 613 2260 candidis
637 2200 767 2259 vestibus
788 2205 855 2260 ante
876 2200 968 2260 maius
990 2197 1095 2274 altare3
1117 2197 1193 2258 tertia

122 2252 128 2346 f
162 2289 192 2349 iu
224 2291 308 2366 ignea
332 2288 424 2346 forma
452 2287 576 2363 desuper
603 2287 701 2346 altare.
756 2286 810 2346 Oui
837 2303 904 2347 cum
924 2285 1058 2347 Salvator
1079 2283 1193 2358 diceret,

122 2355 130 2426 l
163 2382 232 2452 puto
262 2374 340 2452 quod
367 2377 516 2450 inprime
543 2374 627 2434 fuerit
653 2375 844 2450 apparitione:
880 2371 985 2433 Daniel
1013 2379 1079 2450 pete
1108 2391 1126 2434 a
1152 2386 1193 2430 me
1251 2411 1252 2442 1

165 2462 244 2540 quod
265 2465 308 2521 via
330 2468 359 2522 et
379 2461 429 2521 fiet
449 2463 515 2537 tibi;
537 2461 595 2538 ille,
616 2463 690 2520 sicut
710 2457 780 2520 mihi
800 2459 897 2520 retulit
918 2459 1035 2536 quidam
1056 2463 1193 2521 seniorum
1251 2461 1252 2490 ¹

163 2549 266 2609 domus
287 2549 377 2624 illius,
405 2546 565 2624 respondit:
592 2546 715 2608 Domine
736 2547 840 2606 sufficit
861 2547 930 2606 milri
950 2549 1045 2624 gratia
1065 2555 1132 2624 tua,
1159 2542 1193 2604 nil
1251 2549 1252 2624 ξ

163 2636 241 2698 aliud
262 2654 282 2696 a
302 2642 331 2695 te
352 2643 429 2711 peto,
450 2637 504 2694 nisi
524 2641 636 2694 tautum
657 2641 690 2694 ut
710 2634 842 2695 lacrimas
863 2635 970 2694 habere
985 2636 1103 2710 possim,
1125 2648 1192 2710 quo·

182 2788 213 2857 t)
230 2785 251 2840 Β
268 2786 445 2851 torrentia,
461 2784 620 2838 lacrimae.
641 2816 670 2826 -
690 2785 722 2852 2)
740 2785 782 2837 BD
800 2784 994 2838 declarabit.
1014 2814 1045 2826 —
1063 2784 1095 2852 3)
1109 2780 1191 2850 llomil

232 2856 274 2910 tv.
292 2873 317 2924 p.
336 2857 401 2909 196:
428 2856 514 2926 „Hanc
539 2857 646 2924 gratiam
663 2863 804 2908 sanctarum
821 2855 978 2908 lacrime'rum
996 2853 1123 2922 Propheta
1139 2867 1193 2905 sau-

232 2929 357 2978 ctissimua
374 2941 425 2977 nou
442 2927 577 2994 ignorans,
599 2927 646 2976 aits
670 2924 778 2976 Deduc
796 2927 890 2993 quasi
907 2933 1086 2976 torrentem
1104 2922 1193 2976 lacri-

231 3012 295 3048 mae
313 3013 369 3062 per
386 2995 466 3047 diem
485 3003 515 3046 et
533 3004 670 3060 noctem,
687 3009 750 3047 uon
768 2995 825 3046 des
843 2997 986 3062 requiem
1004 2994 1079 3058 tibi,
1096 3005 1192 3059 neque

231 3073 342 3118 taceat
359 3065 484 3132 pupilla
501 3064 586 3116 oculi
604 3067 659 3116 tui.
686 3063 714 3116 ln
732 3069 844 3116 torrente
857 3065 905 3115 tria
917 3062 1028 3115 notanda
1045 3071 1112 3115 sunt
1135 3061 1192 3114 Cum

231 3137 327 3202 impetu
344 3134 406 3199 fluit,
423 3137 449 3186 in
460 3134 552 3202 hyeme
571 3136 642 3203 equis
657 3133 805 3202 pluvialibus
818 3148 918 3200 semper
935 3134 1043 3184 nutritur
1060 3141 1087 3184 et
1101 3131 1193 3192 crescit,

230 3206 258 3256 iu
284 3212 381 3255 aestate
407 3204 548 3256 desiccatur
571 3214 597 3256 et
623 3203 715 3257 deficit.
756 3205 852 3258 Effusio
876 3203 1033 3254 lacrimarum
1057 3209 1149 3271 quanto
1170 3200 1192 3250 in

231 3275 377 3342 poenitente
403 3275 568 3341 impetuosior
594 3275 684 3339 fuerit,
713 3281 783 3326 tauto
810 3272 898 3325 sordes
925 3281 1066 3324 contractae
1092 3270 1192 3325 validius

231 3344 306 3395 elicit.
342 3341 453 3411 Hyemps
471 3343 505 3394 ob
522 3343 618 3396 dierum
636 3343 783 3396 brevitatem
802 3352 828 3394 et
845 3346 911 3394 aeris
927 3343 1102 3408 intemperiem
1119 3339 1192 3410 signi·

230 3413 289 3465 licat
311 3413 435 3464 miseriam
460 3415 528 3464 vitae
551 3413 704 3479 praesentis,
727 3415 753 3463 iu
771 3429 820 3480 qua
838 3427 938 3480 semper
954 3411 1132 3464 lacrimandum
1150 3413 1191 3460 eet

231 3485 321 3538 Aestas
345 3495 407 3535 vero
431 3483 457 3532 iu
481 3497 530 3550 qua
554 3482 608 3554 dies
625 3481 694 3550 lougi
711 3489 770 3532 suut
787 3490 813 3532 et
830 3483 943 3544 amoeni,
965 3489 1066 3548 tempus
1084 3479 1193 3546 exprimit

231 3555 330 3606 futurae
352 3551 528 3613 beatitudinis,
551 3553 578 3602 in
600 3567 650 3618 quo
669 3551 737 3602 Deus
759 3550 888 3618 absterget
906 3565 1005 3602 omnem
1023 3551 1148 3604 lacrimam
1164 3546 1192 3597 eh

232 3623 310 3678 oculis
334 3629 476 3675 sanctorum
500 3635 611 3672 suorum.
646 3618 719 3671 Unde
742 3617 810 3670 betti
828 3629 886 3672 suut
903 3622 946 3686 qui
963 3636 1031 3670 nune
1048 3619 1136 3689 lugent
1152 3631 1193 3685 per

162 3717 164 3724 >
231 3693 419 3764 poenitentiam,
436 3691 495 3758 quia
512 3687 720 3750 consolabuntur,
737 3690 818 3754 primo
835 3704 882 3755 per
899 3687 1091 3756 indulgentiam,
1107 3686 1193 3741 deinde

250 3779 278 3816 er
295 3765 423 3825 iustitiam,
440 3766 567 3826 postremo
586 3771 631 3822 per
647 3755 778 3824 gloriam.“
791 3786 822 3796 -
834 3757 866 3823 4)
884 3756 945 3809 CDP
962 3759 1110 3812 ieiuniis.
1122 3787 1149 3800 -
1164 3753 1194 3823 5)

232 3781 293 3890 {GP
309 3831 490 3904 pitancias,
507 3825 573 3879 conf.
592 3825 654 3890 Vlll,
671 3825 714 3878 at.
732 3853 765 3866 —
783 3825 815 3895 6)
832 3823 876 3880 BG
893 3831 1116 3895 praemortuis.
