2512 4254
475 266 702 332 DIS'l'lNUl’IO
724 267 888 332 OCTAVA

517 459 752 523 emmunim
772 413 893 522 xm]
951 468 953 472 J
1029 444 1037 468 “

402 581 451 642 De
465 579 565 642 'Patro
586 583 731 642 monacho
753 583 789 643 de
811 581 960 644 tiaratae.

225 701 333 764 Fuerat
352 703 382 763 in
402 703 549 781 praedicto
569 703 701 764 Claustra
732 700 810 781 qnod
831 702 888 764 alio
910 702 1026 763 nominc
1040 699 1188 772 Heuman-
1249 768 1250 781 χ

161 789 232 850 rode
254 789 371 865 dicitrn,
398 791 510 850 iuvenis
538 789 656 866 quidam
677 791 770 850 bonae
798 789 900 850 indolis
923 795 952 850 at
972 787 1124 850 laudabilis
1142 785 1188 848 ad·
1249 854 1250 861 χ

161 875 280 937 modum
301 879 540 952 conversationis,
561 877 664 938 Petrus
686 879 814 954 nominc,
841 875 877 936 da
900 875 1081 937 Confluentis
1102 877 1188 937 oriun-

56 998 68 1024 ι
162 962 225 1039 dus,
247 965 293 1024 uui
307 964 491 1024 creberrimas
506 963 647 1023 Dominus
661 964 742 1031 Deus
762 964 830 1024 iecit
851 963 1069 1024 consolationes.
1102 961 1189 1039 Quae·

162 1048 230 1110 dam
251 1050 344 1110 cabis
358 1067 432 1127 quae
447 1051 483 1110 de
503 1050 551 1109 illo
565 1045 582 1130 ¹)
601 1050 726 1110 dicturus
748 1068 821 1127 sum,
841 1053 972 1127 superius
993 1051 1045 1109 tibi
1066 1048 1189 1124 recitavi3

162 1137 355 1213 quaeideiroo
368 1135 506 1214 replicare
524 1137 641 1214 dignum
662 1137 739 1212 duxi,
760 1140 828 1214 quia
848 1144 951 1214 postea
966 1135 1069 1198 eadem
1089 1136 1190 1213 plenius

94 1285 95 1290 ,
162 1229 192 1284 et
218 1224 314 1284 verius
323 1219 344 1303 ²)
373 1241 391 1284 a
419 1221 544 1300 quodam
573 1227 634 1284 eius
662 1223 802 1284 confratre
830 1223 1047 1284 familiarissimo
1069 1221 1190 1300 cognovi

160 1309 237 1370 Nam
268 1308 378 1371 audivit
409 1311 578 1386 aliquotiens
609 1327 697 1371 voces
729 1310 912 1386 psallentium
943 1313 973 1370 in
1005 1309 1128 1370 sublimi.
1155 1339 1189 1351 -

162 1392 297 1474 Quadam
318 1398 404 1457 etiam
424 1399 488 1458 vioe
510 1415 576 1458 cum
597 1400 806 1458 ministraturus
827 1397 942 1458 domino
963 1395 1073 1458 Karolo
1090 1395 1190 1456 Abbati

63 1557 66 1564 Ι
162 1483 307 1559 quondam
324 1484 485 1560 vilariensi,
506 1484 713 1544 confessionem
735 1483 859 1560 dixisset,
881 1491 910 1544 et
931 1484 1140 1545 absolutionem
1160 1481 1190 1542 da

161 1586 241 1630 more
270 1570 400 1642 devot'us
428 1573 585 1648 acciperet,
613 1570 724 1631 audivit
751 1588 854 1632 vocem
883 1571 919 1631 de
948 1571 1029 1632 coelo
1058 1570 1190 1654 dicantem

161 1658 231 1716 sibi:
251 1657 379 1718 Dimissa
398 1665 465 1718 sunt
485 1660 581 1719 omnia
593 1664 714 1734 peccata
732 1663 791 1718 tua.
813 1693 855 1702 —
876 1658 943 1718 Alio
965 1660 1052 1718 etiam
1071 1663 1191 1734 tempore

162 1761 229 1805 eum
259 1747 395 1806 sacristae
426 1747 544 1805 missam
577 1744 753 1805 celebraturo
785 1747 848 1822 ipse
876 1752 1000 1822 astaret,
1031 1752 1062 1805 et
1088 1745 1190 1820 lampas

162 1833 288 1892 extincta
313 1832 428 1909 fuisset,
454 1832 552 1892 lumen
579 1832 694 1892 aliunde
721 1831 821 1894 afferre
850 1832 964 1908 volens,
994 1831 1046 1892 sed
1067 1833 1191 1910 angustia

35 1929 39 1936 ·
162 1921 298 1996 temporis
319 1927 546 1996 praeoccupatus
567 1936 626 1979 non
646 1918 760 1996 valens,
788 1919 858 1979 flatu
879 1918 1043 1996 lampadam
1062 1915 1191 1980 reaccen-

162 2004 213 2064 dit
237 2039 280 2050 —
308 2004 385 2066 Sane
405 2006 473 2067 huic
496 2008 593 2066 iuveni
620 2006 745 2066 studium
780 2013 856 2082 crat,
889 2007 977 2066 semel
1004 2009 1035 2066 in
1067 2005 1114 2067 die
1144 2001 1192 2066 ad·

163 2095 257 2152 minus
287 2093 435 2153 revolvere
467 2099 496 2156 et
527 2095 646 2154 recitare
677 2093 731 2153 sibi
765 2095 943 2154 sanctissima
974 2099 1004 2153 et
1035 2089 1192 2154 dulcissima

163 2181 303 2256 passionis
320 2179 423 2240 Christi
436 2181 615 2259 improperia,
635 2182 789 2258 gratiarum
803 2178 991 2257 spiritualium
1004 2179 1192 2240 efficacissima

163 2268 356 2329 incitamenta.
407 2267 443 2326 In
475 2284 532 2344 quo
561 2265 655 2327 studio
687 2271 797 2326 tantam
828 2285 881 2344 per
913 2266 1058 2326 dimidium
1090 2268 1192 2328 circiter

163 2371 271 2414 annum
303 2353 498 2414 difficultatem
528 2372 632 2432 passus
664 2360 722 2430 est,
754 2361 787 2414 ut
819 2356 902 2431 quasi
931 2369 989 2414 non
1021 2353 1076 2414 sibi
1104 2352 1192 2414 valere

162 2440 326 2501 huiusmodi
359 2440 559 2502 meditationes
593 2441 724 2500 arbitrari
760 2440 915 2502 debuisset.
968 2440 1099 2500 Tandem
1133 2455 1193 2500 oum

163 2529 332 2604 perstitisset
352 2528 479 2604 pulsans,
501 2534 530 2588 et
550 2528 644 2598 illatas
666 2528 720 2588 sibi
735 2529 851 2588 iniurias
873 2535 901 2590 et
915 2527 1096 2588 difficultates
1116 2525 1192 2586 inde·

162 2615 254 2694 sessus
286 2615 456 2692 effregisset,
488 2621 599 2676 secreta
625 2613 675 2674 illa
704 2613 809 2675 Christi
837 2614 976 2675 violenter
1003 2617 1132 2690 intravit,
1162 2628 1192 2672 aa

164 2701 299 2780 deinceps
320 2704 381 2762 sine
403 2701 577 2778 difficultate,
599 2707 628 2760 et
649 2703 732 2778 quasi
752 2702 791 2761 ad
811 2719 928 2762 manum
948 2705 1055 2778 paratis
1072 2699 1193 2778 quotidie

164 2789 264 2866 epulis,
283 2788 516 2850 meditationibus
536 2788 590 2866 illis
611 2791 787 2848 suavissimis
809 2805 875 2850 cum
900 2805 1006 2866 magna
1025 2787 1192 2849 iocunditate
1252 2831 1253 2850 .

162 2893 233 2936 usus
262 2883 314 2937 est.
355 2875 391 2936 In
419 2892 529 2937 canone
551 2891 666 2952 quoque
686 2892 746 2934 non
767 2893 940 2954 magnopere
963 2877 1082 2936 curabat
1103 2889 1192 2947 orare,

163 2961 215 3021 sed
248 2963 284 3023 da
311 2964 444 3040 passione
467 2962 571 3023 Christi
597 2961 799 3022 meditabatur.
821 2998 863 3008 —
885 2962 1022 3024 Habebat
1049 2957 1193 3041 item³)in

164 3045 303 3108 desiderio
326 3057 354 3110 et
374 3056 434 3110 tam
455 3049 599 3110 humiliter
620 3066 708 3125 quam
735 3050 919 3110 vehementer
940 3051 1060 3126 optabat
1079 3047 1193 3110 revelari

148 3136 218 3195 'sibi
239 3135 373 3196 divinitus
394 3137 492 3214 aliqua
512 3139 635 3214 imagine
657 3137 768 3198 vultum
782 3136 949 3212 Salvatoris,
969 3143 1003 3196 ut
1023 3155 1089 3198 eum
1105 3133 1193 3194 medi·

162 3224 217 3282 tari
237 3222 398 3298 debuisset,
419 3224 457 3285 ad
478 3224 600 3285 eundem
623 3223 744 3301 vultum,
766 3227 848 3300 quasi
869 3229 1055 3301 conspectum
1076 3229 1104 3284 et
1123 3221 1193 3282 bene

163 3312 325 3388 cognitum,
355 3309 465 3372 acibus
486 3313 619 3371 intritum
641 3314 743 3371 mentis
764 3311 930 3387 imaginaria
952 3310 1072 3390 dirigere
1092 3313 1192 3386 posset

162 3396 202 3456 Et
221 3397 364 3457 Dominus
393 3400 441 3473 qui
468 3397 525 3457 hoc
546 3401 572 3458 ei
593 3399 741 3473 inspiravit
764 3396 950 3472 desiderium,
978 3415 1037 3458 non
1057 3393 1194 3456 fraudavit

164 3501 230 3544 eum
251 3503 270 3544 a
291 3482 431 3545 desiderio
453 3479 544 3563 suot).
586 3483 753 3544 Laborabat
774 3501 842 3560 ergo
856 3484 979 3544 mirabili
999 3503 1034 3544 ae
1051 3481 1194 3558 multiplici

163 3571 330 3633 luxuriantis
358 3572 451 3631 camis
479 3569 624 3644 molestia,
656 3568 772 3629 diabolo
801 3573 961 3646 interitum,
993 3571 1045 3631 sed
1072 3570 1193 3630 Domino

162 3660 320 3740 proiectum
342 3659 368 3719 ei
390 3655 426 3718 de
447 3656 650 3717 tentationibus
671 3654 829 3716 ordinante.
872 3655 1044 3718 Undarum
1074 3653 1194 3735 quodam

181 3779 214 3850 1)
232 3777 271 3830 da
284 3775 342 3829 illo
359 3789 400 3828 om
417 3771 468 3828 Bo.
487 3799 519 3814 -·
538 3771 570 3840 2)
586 3770 607 3823 B
625 3773 791 3824 veracius.
810 3801 841 3814 -
857 3773 891 3842 3)
908 3771 929 3826 Β
946 3775 1024 3827 itam
1042 3770 1193 3835 babebat,

234 3845 414 3903 Gbabebat
430 3842 522 3896 idam.
547 3869 577 3880 -
596 3839 629 3909 l)
646 3838 713 3896 Psal.
730 3840 773 3907 77,
791 3840 833 3897 ³0.
901 3897 909 3903 ,
