2506 4254
385 277 443 340 Du
459 275 642 340 CORPORE
663 277 830 340 CHRISTI.
1040 282 1099 340 lut

79 398 181 462 audent
203 397 315 460 Priores
325 399 507 477 spiritualiter
517 401 741 480 communionum
756 405 909 478 soquentes
918 417 1102 479 megengua-

79 489 116 548 tia
124 505 152 548 se
163 488 281 564 privant.
301 487 426 563 Quium
439 494 506 548 sunt
519 491 569 564 qrri
583 495 612 548 et
625 488 745 550 libenter
757 490 968 548 communicant
980 495 1010 548 et
1020 495 1101 550 tenta

79 575 202 650 gratare
214 575 314 650 dignos
328 575 477 651 exhibent3
490 575 520 635 iti
533 576 611 636 beuti
626 583 702 636 suut
737 576 866 636 Ponatur
881 575 953 636 duos
966 575 1102 650 aequales

79 663 306 736 mussulam,
326 668 356 722 et
367 677 442 722 unus
462 661 626 738 simpliciter
645 662 683 724 ad
698 662 802 722 Christi
820 678 923 738 corpus
933 659 950 741 ¹)
971 662 1101 738 accedat,

78 745 143 806 alter
165 763 230 808 reru
258 747 423 825 simpliciter
451 747 589 824 dimittat,
619 751 650 810 in
672 750 900 810 communicante
921 752 995 810 sieut
1008 749 1101 818 „uelo

77 833 217 896 intenditur
239 837 354 911 ¹scuriles,
374 842 404 894 et
423 835 456 895 iii
475 836 507 896 iu
528 838 569 896 eis
591 853 659 895 mox
679 838 773 896 meriti
792 836 988 913 inaequalitas.
1028 833 1102 898 ΝΟ·

77 919 211 981 ricius:
247 921 331 982 Unde
365 921 421 982 hoc
454 921 582 998 probas?
630 921 866 986 MONACHUS:
902 922 1011 982 Munna
1043 939 1102 983 non

77 1005 212 1068 descendit
238 1010 299 1068 sine
327 1025 407 1083 rore,
434 1026 529 1084 neque
558 1008 662 1068 Christi
691 1027 794 1086 eorpus
822 1027 842 1069 a
870 1011 952 1070 bonis
980 1010 1103 1068 sumitur

76 1095 133 1153 sino
151 1101 299 1172 augmento
320 1097 438 1172 gratius.
482 1095 567 1172 Quod
592 1097 700 1156 honum
720 1099 757 1156 sit
777 1097 861 1158 bonis
882 1098 1101 1172 communicare,

77 1179 180 1242 dnobus
200 1182 250 1241 tibi
270 1183 457 1258 sequentibus
476 1182 603 1260 pandam
625 1183 771 1260 exemplis.

407 1371 642 1434 unumunurn
666 1371 748 1433 xnr.
809 1327 811 1332 ’

76 1491 119 1552 De
138 1510 271 1556 maneres
294 1497 346 1572 qui
366 1497 638 1555 conmunicaturus
659 1496 734 1556 vidit
756 1495 905 1556 Circium
925 1499 1100 1573 sanquinem
1135 1495 1137 1499 ’

262 1599 351 1642 suctu
373 1583 461 1658 quusi
484 1583 597 1642 stillm
617 1585 650 1641 in
671 1583 798 1642 culicum

131 1716 163 1776 ln
177 1718 307 1780 Claustro
321 1722 402 1781 euius
416 1737 504 1796 saepe
521 1723 646 1796 memini,
667 1723 741 1782 rictu
761 1720 830 1780 mihi
851 1721 963 1796 scripsit
984 1720 1101 1796 quidam

77 1818 107 1861 er
119 1805 309 1866 sacerdotibus
326 1807 429 1867 domus
451 1807 587 1884 eiusdem,
607 1809 637 1866 in
659 1808 784 1884 quadem
806 1805 995 1868 sollemnitate
1016 1807 1101 1866 Nati-

76 1891 161 1950 risos
179 1891 304 1969 Domini,
326 1895 430 1954 iratum
448 1895 487 1954 ad
507 1910 619 1954 sacram
641 1897 869 1954 communionem
890 1911 922 1954 se
942 1911 1105 1970 praeparag

75 1974 144 2036 bant
184 1978 314 2055 Cumque
333 1998 436 2057 paoem
457 1983 515 2040 iam
537 1984 690 2058 accepturi,
711 1989 778 2058 post
798 1980 901 2058 Agnus
922 1980 987 2056 Del,
1007 1987 1100 2054 terrae

75 2067 105 2120 ut
115 2067 196 2126 morie
211 2073 255 2126 est
274 2068 502 2144 procumberent,
522 2068 595 2128 vidit
614 2069 704 2128 frater
716 2067 831 2144 quidam
845 2085 967 2145 puerum
980 2067 1098 2143 Jesum,

77 2165 126 2208 uon
144 2157 237 2212 tamen
258 2157 340 2230 quasi
361 2161 491 2215 recenter
510 2161 619 2230 nstrum,
640 2155 692 2214 sed
713 2158 743 2214 iu
765 2173 849 2216 cruce
871 2158 953 2232 quasi
973 2171 1100 2231 passum,

77 2238 147 2298 cuius
174 2242 269 2300 omnia
296 2241 416 2301 vnlnere
442 2258 572 2302 eruerem
599 2242 759 2318 stillabant,
781 2259 874 2319 ,quem
900 2249 997 2302 minen
1025 2241 1100 2300 calix

75 2331 178 2386 amotus
211 2327 310 2387 subter
340 2330 450 2405 positus
483 2334 576 2388 totum
610 2331 774 2406 recipiebat
827 2328 911 2390 Unde
938 2329 1026 2388 freter
1052 2327 1099 2388 ille

1162 803 1245 900 ‘N

75 2411 151 2472 tantis
162 2413 306 2474 sumendis
317 2417 503 2475 ornamentis
515 2432 547 2474 se
559 2413 708 2492 indignum
728 2422 873 2493 reputans,
893 2415 932 2476 ad
952 2417 1100 2492 superiora
1203 2427 1208 2442 ¹

74 2495 148 2558 mue
167 2499 294 2577 divertit,
320 2501 442 2578 alisque
460 2503 645 2563 innuentibus
664 2509 698 2561 nt
718 2498 963 2583 pmcumbe'ret'),
988 2520 1019 2563 se
1040 2518 1099 2563 non

74 2596 259 2657 processuum
268 2590 400 2666 signavit
441 2588 538 2652 Prima
549 2597 646 2650 autem
660 2596 777 2650 mutam
791 2589 854 2652 aliis
874 2589 912 2648 ad
934 2589 1099 2666 Capitulum
1113 2659 1115 2664 ¹

75 2674 248 2750 mmntibus,
277 2677 340 2752 ipse
359 2673 399 2736 acl
430 2679 587 2738 orationem
617 2676 779 2737 taciendam
799 2683 832 2735 ut
860 2667 978 2752 qnid'am
1004 2675 1098 2737 lacere

74 2755 156 2818 soient
190 2760 311 2822 divertit
363 2761 546 2839 veniensque
574 2764 613 2824 ad
638 2764 728 2826 altere
755 2770 872 2824 sanctae
903 2765 995 2823 mnus
1030 2779 1098 2821 uru-

74 2843 134 2904 tiuni
158 2847 288 2922 intendit,
323 2855 353 2908 st
383 2849 537 2912 videbatur
563 2853 591 2911 ei
625 2857 739 2927 tempus
773 2851 863 2912 breve
899 2867 970 2927 pree
1005 2849 1097 2910 devo-

73 2929 147 2992 tionis
184 2934 388 3011 magnimdine.
445 2935 576 3014 Cunnum
591 2934 611 3017 ⁸)
649 2941 807 2997 orationem
837 2937 1031 3014 protraheret,
1068 2945 1098 2998 et

73 3013 141 3079 abire
161 3027 273 3100 tempus
294 3037 352 3082 uon
373 3025 499 3100 sentiret,
518 3027 652 3101 apperuit
673 3027 699 3084 ei
721 3026 809 3084 beuta
829 3023 886 3084 Dei
908 3024 1046 3100 Genitrir,
1068 3032 1097 3086 ut

73 3099 166 3182 ulloqui
187 3125 251 3169 eum
281 3105 399 3186 dignata
427 3117 478 3171 est.
529 3111 602 3184 Cur,
630 3113 738 3187 inquit,
767 3109 855 3170 hodie
883 3119 1096 3172 sacrosanctum

72 3201 164 3268 corpus
190 3202 220 3256 et
245 3199 413 3274 sangninem
435 3197 530 3257 dilecti
550 3197 601 3256 iiiii
621 3200 678 3256 mei
698 3213 757 3257 non
778 3197 945 3273 sumpsisti?
988 3197 1096 3258 Atilio

71 3291 120 3336 non
146 3297 192 3342 ore
220 3282 272 3343 sed
300 3284 386 3344 corde
414 3301 446 3344 se
473 3284 620 3362 indigrinm
645 3283 797 3344 clamabat
840 3283 889 3344 Au
910 3283 989 3360 quod
1009 3286 1096 3345 beata

71 3359 149 3442 Virgo
166 3369 324 3447 respondit:
345 3370 390 3429 un
413 3377 442 3430 te
462 3371 610 3449 indignum
632 3373 751 3448 cogitas,
773 3374 887 3447 etquis
909 3377 993 3446 putas
1014 3378 1096 3430 tanta

72 3464 97 3509 re
116 3449 212 3532 dignus
234 3474 298 3517 esse
317 3457 435 3534 potest?
464 3457 549 3518 Hune
569 3461 655 3536 igitur
676 3459 815 3519 offensam
835 3459 887 3518 tibi
910 3458 1095 3533 condonabo3

71 3537 115 3598 sed
139 3542 203 3606 vide
230 3561 268 3604 ne
297 3543 332 3606 de
365 3551 460 3606 cetero
488 3545 580 3606 simile
610 3546 720 3608 feceris.
761 3545 853 3624 igitur
881 3563 948 3606 cum
976 3545 1096 3606 matium

71 3621 181 3692 inmotus
209 3637 238 3692 et
265 3631 495 3694 confabulatione
526 3634 629 3694 beatae
653 3631 780 3710 Virginis
808 3632 981 3706 dolectatus,
1013 3631 1095 3706 quasi

71 3707 196 3778 inerim
216 3723 315 3796 raptus
337 3725 430 3795 esset,
449 3718 567 3780 tandem
587 3719 627 3781 ad
647 3737 685 3808 se
700 3719 798 3796 rediit,
821 3725 851 3781 et
871 3718 909 3780 sd
931 3716 1096 3794 Capitulum

87 3845 114 3915 i)
129 3847 169 3904 BC
184 3867 299 3922 eorpus
317 3851 453 3908 Christi.
472 3883 503 3898 -
521 3853 557 3924 i]
572 3853 595 3910 B
610 3854 820 3927 procederet.
833 3883 866 3898 -
878 3854 912 3924 a)
928 3867 989 3924 qne
1005 3867 1049 3905 om
1061 3851 1088 3906 (i.
