2512 4254
134 262 195 323 106
444 256 670 323 DISTINO'I'IO
693 255 856 321 OCTAVA

133 400 238 460 scopus
255 383 380 458 qrridam,
392 388 487 444 aetate
499 383 609 442 iuvenis
630 379 683 442 sed
702 397 824 460 magnae
843 379 995 458 religionis.
1037 379 1168 442 Nominis
1247 344 1250 422 l

137 472 199 530 eius
219 468 440 530 siveDioeoesis
462 471 522 529 cius
543 486 601 529 non
622 470 745 529 memini.
786 467 843 528 Hic
855 472 952 528 tantae
972 467 1026 526 fuit
1043 469 1171 544 pietatis,

134 557 345 616 misericordiae
366 573 402 616 ac
416 555 590 631 humilitatis,
610 561 643 615 ut
656 555 786 632 equitans
806 557 835 614 in
856 557 904 615 via
916 555 1168 630 neminemlepro-

134 661 232 704 sorum
263 646 318 703 sibi
346 645 553 703 assumentium
574 644 635 702 sine
657 641 838 719 eleemosyna
858 644 1031 718 praeteriret
1072 641 1169 718 Saepe
1249 641 1251 718 ἶ

137 733 223 792 ctiam
251 729 287 790 de
317 747 390 806 equo
420 729 580 804 descendit,
609 734 638 788 et
665 733 796 805 petentes
815 730 1015 804 praeveniens,
1041 729 1170 788 nummis
1249 733 1251 802 ἶ

136 818 268 878 manibus
288 817 401 878 illorum
422 822 560 892 tanquam
579 815 682 876 Christi
702 814 897 892 gazophilacio
917 817 1059 891 immissis,
1079 821 1170 892 atquc
1194 835 1198 842 ·
1250 815 1252 848 ³

137 903 324 980 deosculatis,
355 907 458 963 iterum
485 902 614 964 ascendit
635 909 664 962 et
683 904 831 978 processit
871 902 929 962 Die
951 902 1077 978 quadarn
1099 902 1169 964 dum

136 1009 188 1070 per
209 998 328 1052 stratam
349 989 494 1065 publicam
514 989 669 1064 incederet,
697 989 826 1065 leprosus
848 987 964 1065 quidam
984 1005 1068 1050 secus
1090 991 1169 1050 riam
1250 987 1251 1066 ξ

136 1085 216 1140 stans
237 1081 267 1136 in
288 1094 373 1153 agro,
405 1093 477 1136 voce
498 1079 665 1136 raucissima
687 1082 718 1136 ut
746 1077 790 1134 sui
817 1079 997 1138 misereretur
1025 1075 1169 1138 cumana

137 1165 210 1226 Erat
238 1166 312 1224 enim
326 1159 342 1243 ¹)
371 1169 519 1242 aspectus,
534 1166 594 1222 eius
622 1170 683 1222 tam
703 1161 850 1238 horridus,
879 1169 909 1223 ct
934 1165 1017 1239 quasi
1044 1181 1063 1224 a
1091 1161 1172 1240 lepra
1250 1171 1251 1174 ’

136 1260 197 1312 tam
225 1267 371 1324 corrosus,
398 1256 432 1309 ut
460 1249 559 1310 oculus
587 1249 733 1308 humanus
758 1252 907 1310 nursino
935 1251 1062 1310 cruciatu
1088 1249 1170 1309 illum

135 1341 275 1415 inspicere
302 1343 408 1413 posset.
452 1337 545 1412 Quem
575 1343 608 1394 ut
628 1343 744 1396 sanctum
765 1336 933 1414 Episcopus¹
947 1337 1029 1412 vidit,
1057 1337 1171 1397 miseri-
1250 1341 1251 1348 ’

138 1424 235 1504 cordia
254 1431 366 1498 motus,
387 1440 454 1482 mox
477 1423 512 1482 de
535 1439 608 1498 equo
630 1425 699 1498 ruit,
721 1427 750 1482 ct
771 1422 809 1484 ad
829 1423 909 1483 illum
931 1439 1046 1484 omrem
1068 1423 1172 1484 obtulit
1250 1433 1251 1478 1

138 1508 196 1591 ιιι)
226 1511 446 1588 eleemosynam.
489 1509 538 1568 Ad
560 1527 645 1586 quem
665 1509 810 1586 leprosus:
838 1509 903 1570 Non
932 1515 999 1570 sunt
1026 1510 1096 1570 mihi
1117 1527 1170 1570 ne·
1251 1505 1252 1546 ³

139 1600 254 1660 caesarii
281 1599 391 1658 nummi
417 1599 466 1655 tui.
511 1596 563 1656 Cui
593 1614 659 1656 cum
679 1596 839 1672 Episcopus
867 1597 1064 1674 responderet:
1094 1595 1169 1674 Quid
1251 1617 1253 1656 ι

138 1703 205 1764 ergo
227 1688 271 1746 vis
292 1692 325 1744 nt
345 1685 449 1744 facium
466 1683 542 1742 tibi?
570 1683 617 1743 ille
638 1684 796 1743 subirmxit:
827 1682 868 1744 Ut
887 1683 1066 1761 putredinem
1087 1684 1171 1744 huius
1225 1759 1229 1766 ι

137 1773 306 1837 infimitatis
335 1787 416 1830 meae
444 1771 608 1847 abstergas,
641 1769 728 1846 digito
757 1770 909 1831 ostendeus
930 1771 1115 1831 carunculam
1137 1771 1171 1830 de
1253 1810 1254 1814 =

138 1861 255 1920 naribus
286 1857 472 1935 pendentem,
504 1859 600 1933 magni
631 1855 755 1918 horroris
787 1863 873 1933 atque
901 1858 1026 1918 foetoris.
1077 1857 1170 1934 Quam
1254 1896 1255 1899 =

139 1965 205 2008 cum
226 1945 392 2006 virbeatus
414 1943 516 2002 Christi
538 1959 634 2003 amore
655 1958 822 2019 succensus,
844 1962 933 2004 manu
951 1949 1089 2020 tergeret,
1111 1944 1171 2006 cla-
1251 1937 1252 1949 ¹

139 2032 231 2094 mavit
249 2031 296 2092 illc
318 2031 429 2090 dicens:
453 2030 549 2105 Cassa,
571 2048 660 2105 cessa,
682 2032 865 2108 asperitatem
886 2032 1038 2108 digitorum
1059 2039 1171 2092 tuorum
1253 2025 1254 2072 1

139 2121 260 2181 tolerare
281 2136 339 2178 non
359 2117 452 2178 valeo.
496 2116 625 2194 Cumque
646 2115 795 2178 adhiberet
814 2124 926 2193 partem
948 2121 1081 2178 camisiae
1102 2135 1171 2178 snac

141 2224 216 2283 quae
245 2205 280 2266 da
301 2221 396 2282 panno
418 2205 509 2263 fuerat
516 2201 536 2284 ³)
566 2207 635 2264 satis
656 2203 767 2279 subtili,
794 2205 877 2275 simili
898 2205 1021 2282 ammone
1041 2205 1171 2281 prohibi-

141 2303 188 2356 tus
211 2299 262 2354 est.
305 2291 395 2352 Tunc.
408 2291 584 2368 Episcopus:
608 2291 639 2351 Si
659 2293 719 2366 pati
740 2308 797 2351 non
818 2299 900 2368 potes
921 2309 1046 2367 manum,
1068 2295 1094 2353 si
1114 2308 1171 2352 nou

140 2398 268 2459 pannum
290 2378 454 2454 delicatum,
483 2377 559 2437 unde
587 2380 631 2439 vis
652 2384 685 2438 ut
705 2378 906 2455 abstergatur?
947 2379 1109 2455 Respondit
1127 2377 1171 2438 le-

141 2484 257 2546 prosus:
288 2465 365 2524 Nihil
393 2465 472 2524 aliud
499 2467 592 2542 patiar
611 2461 755 2545 praeter⁴)
776 2464 941 2526 linctionem
961 2466 1075 2543 linguae
1096 2474 1172 2528 tuae.

142 2555 214 2616 Mox
235 2552 273 2613 ad
293 2552 363 2611 illud
384 2553 505 2612 verbum
525 2551 603 2612 lucta
623 2567 681 2611 non
701 2552 815 2612 modica
836 2555 901 2612 oriri
921 2555 1015 2628 coepit
1034 2555 1065 2612 in
1087 2551 1171 2613 corde

140 2641 288 2703 Pontificis
315 2642 388 2698 inter
414 2641 535 2714 gratiam
565 2645 593 2699 et
620 2639 767 2715 naturam;
798 2639 847 2698 illa
875 2646 908 2700 ut
923 2638 1015 2718 xlieret
1042 2639 1171 2714 volente,

139 2733 195 2790 ista
225 2726 443 2789 contradicente.
492 2725 551 2786 Sed
578 2728 670 2802 gratia
698 2725 755 2786 Dei
783 2733 953 2802 cooperante
989 2733 1018 2786 et
1051 2734 1170 2788 naturae

140 2819 200 2874 vim
212 2815 342 2887 faciente,
363 2812 490 2888 linguam
506 2815 647 2888 apposuit,
660 2818 689 2872 et
700 2812 909 2888 promuscidem
918 2811 938 2893 ⁵)
961 2806 1169 2892 decantarent

138 2902 228 2961 linxit.
269 2901 345 2960 Mira
365 2918 420 2960 res.
462 2898 534 2958 Mox
555 2900 591 2960 de
612 2901 729 2960 naribus
751 2902 811 2960 eius
833 2903 881 2976 qui
901 2900 1030 2976 leprosus
1049 2900 1171 2962 videbu-

139 2997 201 3063 tnr,
236 3004 350 3064 gemma
378 2988 582 3064 pretiosissima
610 2987 691 3062 lapsa
721 2995 764 3046 est
791 2989 821 3046 in
843 3004 875 3048 os
896 2987 1038 3063 Episcopi.
1079 2987 1118 3047 Et
1137 2992 1171 3046 ιιι

139 3074 301 3136 ostenderet
322 3091 352 3132 se
374 3091 437 3133 esse
460 3073 612 3149 Christum,
633 3075 682 3149 qui
704 3073 744 3134 ad
763 3073 940 3150 probandam
955 3075 1091 3151 Episcopi
1110 3076 1170 3134 vir·

138 3168 229 3222 tutem
260 3178 293 3219 se
320 3161 441 3220 finxerat
468 3161 627 3236 leprosum,
660 3161 690 3220 in
718 3161 807 3222 oculis
836 3163 896 3222 eius
924 3161 1047 3238 gloriose
1075 3161 1169 3221 coelos

137 3246 274 3310 ascendit.
314 3245 354 3304 Et
368 3249 435 3323 quia
450 3248 578 3307 eiusdem
598 3247 706 3324 gloriae
718 3251 859 3323 particeps
879 3249 989 3308 tutum
1011 3255 1087 3309 eset
1098 3248 1169 3324 Epi·

137 3352 256 3412 scopus,
295 3333 453 3394 ascendens
488 3337 656 3410 repromisit
710 3333 852 3393 Dominus
885 3334 1036 3396 Gerendus
1067 3335 1168 3396 Abbas

78 3457 79 3462 κ
137 3429 235 3483 noster
253 3418 365 3479 rediens
387 3419 423 3479 de
446 3419 577 3496 Capitulo
598 3421 739 3496 generali,
759 3420 832 3484 hacc
854 3423 936 3482 nobis
957 3421 1067 3498 retulit,
1088 3437 1168 3482 asse·

136 3527 203 3572 rens
223 3516 292 3569 tunc
308 3513 436 3566 recenter
456 3506 543 3566 fnisse
563 3512 654 3583 gesta.
691 3505 895 3568 NOVICIUS:
917 3508 992 3585 Quid
1015 3516 1058 3568 est
1077 3509 1168 3586 gratia

154 3619 1167 3696 optantem.-2Jeiaodd-spnrurtfflttcnist-5)

136 3712 139 3722 ·
204 3695 266 3750 illud
292 3707 412 3754 musso,
438 3689 506 3758 quud
533 3704 608 3754 supra
627 3688 673 3752 Vl,
691 3690 715 3740 5.
728 3705 753 3756 p.
772 3690 823 3746 352
849 3691 964 3760 legitur,
982 3711 1050 3748 nuuc
1076 3694 1167 3746 dietum

205 3766 319 3832 suspicor
341 3777 387 3884 prbo
414 3759 527 3824 bosco,
552 3757 578 3809 id
595 3764 645 3822 cst,
661 3755 726 3822 bois,
742 3759 813 3812 llolr.
832 3787 862 3800 ·-
883 3763 954 3830 6)ss
985 3763 1169 3832 elephanti.

202 3852 271 3888 num
289 3850 355 3886 mur
385 3847 440 3886 nm.
