2506 4254
356 251 411 310 nn
434 249 617 311 oourouu
640 249 807 312 oirnrsrr.
1050 251 1133 310 roo*
1203 215 1204 218 ‘

92 371 131 434 vcl
147 373 238 450 potius
257 371 405 444 ferebatur
423 375 453 432 in
473 370 562 432 iubilo
584 369 692 446 cordis,
713 373 742 430 in
764 371 864 432 ardore
886 373 999 446 spiritus
1020 373 1112 432 vehe-

91 461 187 536 mentis,
208 466 237 520 et
256 462 286 518 iu
307 465 417 519 tantam
438 460 552 536 spiritus
574 459 740 518 ebrictatem
755 458 916 532 devenerat,
937 466 969 518 ut
991 461 1107 536 quasi
1094 475 1116 517 a
1193 469 1195 473 ·

90 563 164 606 eursu
176 545 313 608 alienatus
326 563 415 622 prope
430 544 546 606 modum
563 561 662 604 senon
679 547 802 618 sentiret,
824 551 853 604 et
874 547 922 603 vix
943 543 981 602 ad
996 552 1023 604 st
1011 529 1112 604 tallum

90 649 163 692 urum
189 635 248 694 sinc
278 635 448 693 titubatione
474 631 585 690 rediret.
627 631 720 706 Super
741 631 797 690 hoc
818 633 855 690 ab
877 631 925 690 illo
947 631 1003 691 alio
1025 649 1112 722 saepe

90 719 252 823 mulmmquo
273 727 447 794 conseptus,
468 707 639 778 omnimodis
660 719 837 796 occultabat,
866 719 957 778 donec
977 718 1025 777 ille
1045 725 1112 778 tan-

90 805 146 865 dem
171 807 197 866 ei
223 807 273 882 qui
302 806 338 866 de
360 812 437 865 statu
458 809 519 865 eius
541 808 714 881 coniecerat,
744 808 854 882 aperire
876 805 1040 881 compulsus
1061 811 1113 866 est.

90 891 122 950 llt
149 895 187 953 sic
208 892 323 952 demum
344 900 445 952 mutua
465 894 519 951 sibi
541 892 691 952 collatione
713 893 791 969 quod
803 890 820 972 ¹)
842 892 1024 951 viderantt
995 899 1024 951 et
1044 909 1112 954 sen-

90 987 174 1039 serant
199 981 389 1040 insumerent.
431 978 632 1039 NOVICIUS.
665 979 697 1039 Si
717 995 762 1038 se
770 997 789 1038 a
810 996 892 1039 sacra
914 981 1112 1038 communione
1206 997 1207 1004 ¹

88 1065 289 1140 subtrahentes,
318 1067 444 1126 abacta
465 1066 521 1124 Dei
543 1065 686 1126 Genitrice
708 1069 748 1125 sic
771 1069 974 1141 corripiuntur,
1006 1068 1030 1124 si
1051 1069 1112 1152 ipse

89 1151 138 1212 Dei
156 1152 225 1212 lilius
247 1154 300 1212 sub
317 1153 417 1212 eodem
432 1159 610 1212 sacramento
631 1159 691 1212 tum
705 1155 845 1213 veraciter
867 1159 896 1212 et
916 1159 976 1210 tam
990 1145 1113 1230 gloriose

90 1241 243 1315 percipitur,
276 1245 306 1299 et
332 1257 368 1299 ex
396 1241 459 1315 ipse
479 1241 661 1315 perceptione
684 1243 787 1300 caritas
807 1238 975 1314 intenditur,
1008 1239 1112 1299 amodo

89 1324 208 1385 libentius
236 1327 465 1386 communicabo.
505 1317 740 1387 MONACHUS:
768 1327 803 1384 In
831 1344 913 1386 sacra
943 1327 1113 1390 eucharistia

89 1427 166 1486 quom
176 1412 323 1488 multiplex
340 1415 377 1472 sit
396 1415 496 1488 gratia,
518 1430 605 1487 quam
626 1413 774 1489 multiplex
795 1415 885 1472 virtus
914 1420 943 1472 et
963 1415 1113 1487 medicina,

90 1499 205 1560 sublecta
233 1498 421 1560 deebrabunt
442 1499 580 1577 exempla.
1092 1533 1094 1540 ·

410 1707 642 1770 CAPITULUM
669 1707 781 1780 XLIII.
817 1723 821 1730 ’

141 1850 185 1910 De
204 1849 350 1910 Mauritio
371 1849 515 1926 Episcopo
536 1843 699 1910 Pantaleonti
719 1853 772 1926 qui
793 1853 824 1908 in
844 1850 902 1926 siue
922 1867 977 1909 suo
994 1868 1051 1926 per

272 1940 511 2010 communionem,
527 1955 645 1996 sumum
666 1955 782 1996 sumum
798 1941 915 2012 recepit.

145 2071 278 2152 Magister
313 2075 463 2135 Mauritius
494 2073 662 2136 Parisiensis
694 2075 854 2152 Episcopus
891 2085 957 2136 ante
992 2081 1113 2134 mortem

90 2175 162 2220 suom
181 2169 240 2220 tam
260 2164 386 2238 graviter
406 2161 564 2221 infirmatus
587 2169 645 2238 est,
678 2169 709 2221 ut
738 2165 857 2222 materia
878 2169 960 2238 rapta
980 2164 1010 2220 in
1032 2179 1113 2220 cerc-

89 2243 176 2322 hmm,
202 2266 319 2308 sensum
346 2251 373 2309 ei
400 2249 579 2308 subtraxerit.
620 2249 655 2308 In
683 2249 735 2308 teli
756 2249 869 2308 defectu
891 2251 1016 2324 positus,
1048 2265 1114 2307 cum

91 2347 182 2410 eorpus
198 2334 316 2396 Domini
338 2352 403 2395 curn
424 2337 557 2396 instantia
574 2335 756 2412 postulasset,
779 2333 858 2395 ethi
880 2339 928 2411 qui
951 2337 1025 2395 circa
1048 2351 1114 2394 eum

92 2427 161 2478 eruut
189 2430 306 2499 propter
337 2441 439 2483 sensus
470 2425 596 2498 inopiam
623 2423 693 2482 illud
723 2425 748 2482 ci
777 2423 845 2483 dare
873 2440 932 2481 nou
961 2421 1113 2495 auderent,

90 2517 302 2580 procuraverunt
338 2527 404 2569 cum
438 2509 587 2570 sacerdote
622 2518 655 2569 ut
688 2510 812 2569 hostiam
844 2527 901 2570 non
933 2509 1114 2569 benedictam

90 2600 247 2670 apportaret
292 2594 348 2672 Qui
369 2614 435 2656 eum
455 2600 582 2656 venisset
603 2614 669 2656 cum
690 2597 781 2656 multa
801 2599 972 2671 reverentie,
994 2595 1115 2672 qualiter

92 2677 200 2741 decebat
224 2682 400 2758 Episcopum
430 2687 654 2760 communicare,
682 2701 751 2742 mox
779 2689 811 2742 ut
832 2684 918 2743 limen
941 2681 1043 2742 domus
1065 2699 1114 2742 sa-

91 2766 179 2828 cerdos
210 2771 317 2845 attigit,
350 2769 511 2846 Episcopus
541 2769 618 2830 clara
646 2787 718 2830 voce
742 2770 889 2831 clamavit:
922 2769 1003 2830 Tolle
1030 2769 1115 2844 tolle,

91 2868 140 2911 non
160 2861 201 2914 est
214 2855 355 2915 Dominus
376 2853 496 2936 Deus2).
529 2857 720 2916 Revelaverat
735 2857 816 2917 Deus
836 2856 993 2916 auriculam
1015 2852 1115 2935 eius³),

90 2945 118 2996 ut
140 2941 306 3018 intelligeret
335 2943 402 3018 quid
432 2945 507 3003 eirca
535 2961 567 3003 se
595 2951 735 3021 ageretur.
784 2944 923 3018 Stupente
951 2942 1115 3017 sacerdote,

90 3041 137 3086 nec
155 3045 210 3087 nou
233 3035 263 3088 et
283 3029 345 3088 aliis
368 3031 416 3104 qui
437 3029 562 3104 aderent,
584 3047 714 3090 resersus
736 3035 788 3106 est,
809 3046 908 3089 verum
924 3029 1028 3089 Christi
1050 3047 1115 3089 cor-

89 3129 137 3188 pus
157 3113 294 3176 delorem.
338 3115 422 3192 Quod
443 3133 510 3176 cum
531 3118 627 3176 verbis
650 3117 796 3176 rathobois
817 3117 902 3176 valde
923 3125 1010 3194 atque
1033 3133 1115 3176 eorn-

91 3204 220 3272 punctivis
247 3200 387 3276 a'dorans,
415 3203 520 3262 devote
548 3207 690 3285 suscepit,
722 3220 787 3262 eum
810 3221 867 3280 quo
890 3211 919 3263 et
940 3222 1055 3265 sensum
1077 3204 1115 3264 ad

90 3283 139 3346 Dei
167 3288 284 3364 glorium
316 3289 493 3350 subtractum
524 3291 649 3366 perlecto
680 3292 794 3366 recepit
844 3289 984 3366 Sicque'
978 3311 1006 3350 ιιι
1038 3292 1115 3350 bons

92 3373 256 3436 confessione
277 3374 379 3453 plenus
400 3376 456 3436 fide
479 3383 508 3436 ct
529 3379 646 3437 caritate
668 3379 800 3464 migravit
821 3379 858 3438 ad
880 3378 1045 3440 Dominum

406 3552 851 3626 ‘Edw-

112 3817 138 3888 ¹]
153 3819 172 3872 fl
188 3821 270 3892 quir.
288 3854 320 3864 -
338 3824 371 3894 ι)
388 3823 430 3880 no
447 3840 543 3879 meu..
563 3853 594 3868 -
612 3823 645 3894 ι)
662 3822 726 3894 neg.
744 3822 765 3890 r,
782 3823 808 3891 o,
826 3822 869 3877 ιι.
