2524 4252
391 293 746 360 DE·MOROENTIBUS.
1026 299 1086 358 299

69 408 250 504 conigerqmt,
271 416 366 480 Sacro.
401 418 512 480 -Abbas
531 416 789 498 deseruissem)
811 436 863 497 per
875 435 928 480 uos
949 422 1088 482 transiens

67 507 141 566 nobis
159 505 253 566 retulit
273 505 328 564 boc
350 505 533 581 miraculum,
562 505 660 567 dicens
681 523 712 566 se
734 506 878 568 audivisse
899 523 919 565 a
939 507 1038 567 Priore
1060 513 1089 566 et

68 599 199 653 conventu
220 595 278 652 iam
301 592 393 654 dictae
401 589 423 672 ι)
445 593 557 652 domus.

364 782 599 843 CAPITULUM
614 781 780 843 XXXVII.

123 905 167 964 Dc
188 910 248 966 cive
268 904 496 981 Strezbarpcnsi
517 908 600 964 cuites
623 909 725 962 aalma
747 904 789 963 ud
809 921 915 980 corpas
936 905 1031 964 rediit.

123 1026 216 1088 Simile
239 1034 377 1102 exparte
399 1029 518 1106 configit
537 1026 592 1086 boc
620 1043 696 1086 auno
709 1026 786 1102 apud
808 1025 972 1102 strazburg.
1017 1026 1089 1088 Cum

68 1113 172 1188 quidam
193 1116 262 1174 civis
276 1115 316 1172 ibi
338 1114 488 1174 defunctus
505 1114 613 1187 luisset,
636 1120 664 1172 et
678 1116 707 1172 in
728 1115 831 1172 feretro
853 1116 971 1188 positus,
994 1117 1090 1172 anima

67 1198 99 1258 sd
119 1218 217 1276 corpus
231 1217 347 1262 reversa
363 1207 414 1262 est.
450 1201 488 1259 Et
510 1213 573 1260 cum
591 1200 734 1274 clamaret,
757 1199 901 1275 quomodo
924 1203 990 1259 veui
1011 1200 1089 1262 huc?

68 1287 199 1361 quomodo
221 1289 288 1346 veni
308 1286 391 1347 buc?
421 1293 525 1346 vocata
547 1293 591 1345 est
611 1304 684 1346 uxor
716 1289 785 1346 eius.
833 1285 882 1346 Ad
913 1305 999 1362 quam
1027 1287 1091 1346 ille:
1160 1351 1163 1358 ,

67 1371 115 1432 Dei
134 1373 325 1434 misericordia
345 1374 480 1432 reduetus
501 1391 581 1448 sum,
610 1381 639 1432 et
660 1374 716 1433 hoc
737 1375 789 1432 tibi
812 1373 891 1448 dico,
919 1376 974 1432 rrisi
995 1377 1091 1439 omnia

68 1475 134 1534 quae
154 1459 292 1520 babemus
314 1461 520 1536 relinquamus,
549 1478 608 1520 uon
628 1463 784 1536 poterimus
815 1459 928 1519 salvari.
984 1461 1090 1536 Sisque

68 1546 188 1607 omnibus
215 1554 301 1623 prout
336 1553 449 1623 poterat
483 1547 633 1606 salubriter
668 1547 825 1621 dispositis,
858 1546 931 1607 infra
965 1549 1091 1606 triduum

67 1639 184 1693 mortuus
206 1641 257 1694 est.
285 1633 393 1694 Fuerat
403 1650 501 1693 eorum
516 1634 676 1692 substantia
694 1632 729 1692 de
751 1632 827 1692 malo
850 1635 998 1708 acquisita.
1018 1633 1090 1694 NO—

67 1717 202 1781 VIGIUS:
225 1719 302 1796 Quid
324 1726 368 1780 est
389 1721 466 1796 quod
487 1723 611 1779 maxime
633 1721 817 1779 morientibus
838 1722 928 1796 possit
951 1722 1089 1780 subveni-

98 1805 394 1868 lrMONACHUS
429 1807 576 1868 Confessio
605 1824 678 1946 pura
707 1813 795 1882 atque
825 1809 963 1868 counito.
1013 1807 1089 1867 Ecce

67 1893 225 1987 exemplum.

335 2083 567 2145 ereremum
588 2081 804 2165 xxxvura)
902 2099 905 2104 ·

68 2203 108 2262 Dc
128 2209 266 2282 magistro
292 2205 405 2265 stoma
428 2208 560 2284 theologo
583 2211 635 2284 qui
656 2207 808 2266 diabolum
831 2207 902 2267 vidit
927 2211 958 2266 in
988 2215 1090 2266 morte.

123 2326 258 2404 Magister
278 2329 404 2388 Thomas
426 2329 577 2405 theologus
599 2347 664 2388 cum
686 2332 715 2388 iu
741 2332 884 2405 praesenti
911 2329 1090 2405 expeditione
1198 2376 1202 2384 .

69 2412 199 2474 incastro
220 2418 434 2492 peregrinorum
454 2418 482 2474 in
513 2433 625 2476 camora
655 2415 780 2491 quadam
808 2417 882 2477 lecto
916 2417 1091 2478 decumbens

69 2509 136 2559 esset
154 2503 322 2576 moriturus,
350 2503 421 2562 vidit
448 2503 594 2563 diabolum
622 2506 653 2562 in
679 2503 784 2579 angulo
813 2510 946 2564 stantem.
997 2504 1091 2580 Quem

69 2601 126 2645 cum
140 2591 327 2664 cognovisset,
347 2607 420 2649 voce
437 2591 514 2649 beati
526 2589 642 2648 Martini
663 2589 803 2648 allocutus
826 2597 869 2650 est
890 2608 956 2650 eum
978 2590 1089 2652 diceus:

69 2668 136 2746 Quid
155 2673 200 2735 hic
222 2682 300 2736 astas
323 2673 472 2755 cruenta³)
501 2675 614 2736 bestia?
664 2677 721 2736 Dic
749 2677 818 2736 mihi
846 2675 914 2752 quid
941 2683 985 2736 est
1013 2677 1091 2752 quod

68 2762 179 2822 nmine
200 2762 282 2821 vobis
303 2762 427 2822 noceat?
473 2762 602 2838 Cumque
623 2763 671 2822 ille
692 2763 762 2822 nihil
783 2763 974 2838 responderet,
995 2763 1090 2823 Scho-

69 2841 172 2907 lastious
193 2849 353 2912 subiunxit:
375 2848 486 2909 Adiuro
500 2857 529 2908 te
545 2867 596 2926 per
608 2851 704 2910 Deum
726 2852 825 2910 vivum
846 2851 895 2926 qui
915 2849 1094 2910 iudicaturus-

71 2937 108 2990 est
126 2937 207 2993 rivos
230 2942 259 2993 et
279 2942 406 2996 mortuos
429 2943 457 2996 et
479 2937 626 2996 saeculum
647 2938 830 3012 perignem,
852 2944 885 2994 ut
914 2936 992 2996 dicas
1021 2935 1091 2996 mihi

67 3015 141 3079 buius
159 3023 386 3098 interrogationis
414 3025 570 3082 veritatem.
614 3024 661 3082 Ad
683 3022 761 3099 quod
783 3023 905 3082 daemon
929 3024 1088 3099 respondit:

68 3101 134 3164 Nihil
154 3117 196 3167 est
216 3110 245 3166 iu
258 3108 389 3168 Ecclesia
408 3109 484 3184 quod
506 3116 618 3168 tantum
639 3111 721 3170 nobis
734 3116 846 3184 noceat,
869 3108 945 3184 quod
968 3113 1009 3171 sio
1031 3113 1091 3170 vir-

68 3197 264 3255 tutesuostras
286 3203 411 3269 enervet,
439 3196 583 3272 quouiodo
605 3198 737 3271 frequens
760 3197 909 3256 consessio.
953 3196 1091 3274 Quando,

68 3278 162 3356 iuquit,
193 3281 279 3340 homo
300 3283 331 3340 in
352 3285 477 3357 peccatis
497 3290 548 3359 est,
569 3285 695 3358 peccatis
718 3282 780 3343 dico
800 3283 974 3359 mortalibus,
996 3287 1091 3344 omnia

70 3365 121 3426 ιὶιι
141 3367 269 3427 membra
289 3367 378 3445 ligata
400 3376 482 3445 sunt,
513 3376 541 3429 et
568 3386 626 3428 non
647 3375 744 3446 potest
765 3385 796 3430 se
818 3368 974 3452 morere⁴).
1018 3371 1091 3430 Cum

70 3467 129 3512 vero
149 3461 268 3532 peccata
286 3454 387 3516 eadem
408 3455 566 3532 confitetur,
587 3459 683 3516 statim
702 3455 775 3518 liber
796 3463 848 3534 est,
869 3465 898 3518 ct
918 3457 1032 3519 mobilis
1053 3456 1090 3516 ad

87 3585 113 3656 1)
128 3587 329 3642 lielaxhusen
348 3607 423 3658 supra
442 3589 483 3652 lv,
500 3591 583 3643 45.-
597 3589 700 3659 2)BCF
716 3589 969 3660 praedictae-
987 3591 1020 3657 ⁸)
1036 3589 1091 3641 llo-

130 3658 178 3710 nril
195 3659 407 3726 111.ρ.181.-
428 3659 496 3728 er
521 3677 537 3714 o
559 3670 700 3714 cruenta.
719 3691 750 3702 -
769 3661 801 3730 4)
819 3662 890 3714 llom.
909 3660 1092 3712 semerito-

130 3729 177 3780 rio
195 3745 333 3782 movere.
361 3729 451 3781 llomil.
469 3729 512 3782 lV.
529 3746 554 3797 p.
574 3730 637 3783 141:
656 3731 741 3801 „lloxa
760 3731 871 3783 mortalis
897 3745 977 3782 nexus
994 3729 1090 3780 leneus

131 3806 182 3862 ert,
204 3800 242 3852 sic
258 3798 367 3852 bominis
385 3801 498 3867 spiritum
516 3799 610 3870 ligans,
632 3809 661 3852 ut
684 3799 789 3854 liberum
813 3799 972 3853 arbitrium
964 3813 990 3850 ur
1007 3811 1039 3850 eo
1057 3797 1090 3848 sd

132 3865 223 3924 δοιιιι
239 3869 337 3922 norerl
353 3884 403 3924 non
421 3867 526 3938 porrit“
