2512 4254
297 248 353 311 Dll
375 246 558 312 CORPORE
580 247 747 314 cflsslsri
1006 249 1067 310 lot

43 368 191 432 inelisirilis.
230 369 319 432 Panis
339 376 373 430 ut
395 369 568 432 dictumest
589 387 656 432 cnm
676 370 750 432 haec
770 368 860 432 ruba
880 367 1071 448 proferuntur,
1222 381 1224 422 l

43 457 102 518 Hoc
122 465 164 519 ert
184 475 291 536 corpus
311 477 418 531 orcum,
440 457 498 519 Dei
517 461 623 538 virtue
644 475 696 535 per
708 459 894 520 ministerium
913 457 1071 519 sacerdon's
1186 503 1189 508 .
1224 487 1225 512 l

42 545 134 603 crunt
165 545 195 605 in
229 562 332 622 corpus
361 543 473 604 Christi
524 544 623 606 Simile
655 544 798 622 intelligas
830 541 867 605 de
893 545 975 622 vino,
1004 561 1072 604 ma·

42 632 166 692 necibus
202 637 301 692 tamen
340 630 551 708 accidentibus,
591 631 686 692 coloro
721 630 845 706 scilicet,
879 630 1005 709 pondere
1042 637 1072 692 et

42 733 144 794 sopore.
192 716 395 780 NOVIOIUS:
428 718 529 778 Potest
561 718 597 778 ds
632 718 729 795 aliquo
758 733 847 796 grano
875 719 931 778 nisi
953 717 989 778 do
1009 716 1071 778 tm-

43 809 130 865 mento
169 803 226 866 hoc
263 811 473 866 sacramentum
513 803 644 864 confici?
711 803 948 866 MONAOHUSr
990 803 1073 865 Sicut

43 893 151 970 sangnis
178 909 237 952 non
259 891 406 953 conficitur
426 894 481 951 nisi
502 891 539 952 de
558 893 636 968 vino,
657 896 687 952 et
706 890 763 953 hoc
785 908 937 968 expresso,
956 891 997 952 its
1016 907 1074 952 aec

44 993 138 1054 corpus
161 977 264 1038 Christi
294 981 348 1038 nisi
370 978 406 1039 de
433 978 585 1054 frumento,
619 984 648 1038 et
675 977 733 1039 hoc
760 981 790 1038 in
810 995 916 1056 panem
937 977 1071 1054 redscto;

44 1067 104 1139 quia
123 1064 265 1126 Dominus
286 1082 375 1144 grene
396 1065 530 1126 frumenti
545 1082 577 1126 se
591 1066 776 1142 comparavit,
797 1083 851 1126 nec
870 1082 930 1125 non
952 1072 981 1125 et
994 1065 1073 1143 paui.

44 1149 238 1214 novicius:
278 1152 350 1228 Quis
383 1159 426 1212 est
458 1152 561 1212 modus
593 1151 784 1228 sumptionis?
836 1150 1074 1213 MONACHUS:

45 1235 194 1315 Dupliciter
226 1242 361 1314 sumitur,
395 1239 579 1315 spiritualiter
611 1244 640 1298 et
671 1238 921 1302 sacramedtaliter.
973 1239 1073 1300 Bonus

45 1333 158 1401 utroque
178 1325 264 1387 modo
287 1325 454 1402 manducat,
486 1326 580 1386 malus
600 1343 669 1386 vero
690 1327 933 1390 sacramentaliter
953 1331 1074 1386 mutum.

47 1409 89 1472 Sic
116 1430 174 1475 non
204 1405 382 1504 manducans
414 1413 582 1488 manducat,
615 1419 644 1473 et
665 1429 830 1474 econverso.
872 1411 1073 1475 NOVICIUS:

48 1495 135 1574 Quare
161 1502 282 1560 sumitur
302 1501 356 1559 sub
379 1498 484 1576 duplici
505 1503 613 1577 specie,
635 1516 702 1560 cum
722 1502 776 1560 sub
798 1506 920 1576 utrsqus
942 1499 1073 1560 Christus

48 1586 81 1644 sit
105 1586 201 1648 totus?
243 1584 479 1668 MONAOHUS:
508 1585 548 1647 Ut
576 1587 773 1647 ostenderetur
799 1592 891 1646 totam
919 1586 1075 1648 humanam

50 1677 169 1734 natorm
190 1676 359 1750 suscepisse,
379 1678 413 1732 ut
433 1679 524 1734 totam
545 1673 705 1735 redimeret.
747 1673 834 1733 Panis
856 1674 931 1733 euim
953 1673 990 1734 ad
1010 1689 1076 1734 cor-

51 1774 111 1834 pus,
136 1763 234 1820 rinum
245 1757 262 1841 ¹)
292 1760 330 1820 ad
359 1762 483 1820 animam
508 1761 636 1821 refertur.
678 1760 762 1821 Haec
782 1761 834 1820 tibi
854 1761 979 1820 breviter
1000 1759 1077 1822 dicta

53 1845 197 1924 sufficiant,
223 1849 291 1924 quia
311 1849 341 1905 in
363 1844 537 1929 sententiis²)
560 1847 596 1908 de
617 1848 662 1908 his
683 1847 795 1924 plenius
816 1853 962 1908 nectatur.
1003 1844 1077 1908 NO-

53 1928 186 1996 vicmo:
209 1933 283 1994 Com
304 1936 361 1993 iam
369 1930 390 2014 ³)
413 1941 487 2010 quae
510 1935 673 1995 dictasunt
695 1934 818 2010 credam,
840 1942 963 2010 quatuor
980 1940 1079 1995 tamen

54 2019 114 2079 milri
142 2023 257 2100 probari
285 2020 414 2082 desidero
440 2038 500 2082 nou
521 2024 667 2082 sententiis
688 2022 740 2082 sed
761 2021 907 2097 exemplis.
949 2020 1080 2082 Primum

56 2108 187 2185 estquod
208 2108 262 2168 sub
285 2111 381 2185 specie
402 2111 484 2186 panis
498 2110 536 2168 sit
548 2126 649 2170 verum
671 2127 774 2185 corpus
796 2107 901 2168 Christi
921 2116 1022 2168 natum
1043 2125 1080 2172 ex
1101 2171 1105 2179 ,

55 2189 175 2274 Virgine}
195 2195 367 2270 secundum,
389 2194 466 2271 quod
488 2196 543 2254 sub
565 2198 662 2272 specie
681 2198 741 2256 riui
762 2198 798 2256 sit
821 2213 906 2255 verris
928 2197 990 2256 elus
1010 2187 1100 2255 sau·'

57 2281 124 2359 guis3
139 2285 259 2359 tertium,
271 2282 348 2360 quod
362 2281 445 2360 digne
461 2281 642 2343 conficientes
656 2285 716 2344 sive
731 2285 974 2362 communicantes
986 2297 1082 2341 mere·

58 2373 130 2428 antur
150 2373 278 2447 gratiam
299 2369 414 2446 indigne
435 2376 533 2430 autem
553 2387 686 2446 poenam.
720 2367 956 2430 MONACHUSt
977 2367 1083 2428 Dicam

59 2451 102 2512 tibi
125 2456 205 2533 plura
234 2454 270 2516 de
302 2456 420 2533 singulis
442 2456 573 2532 exempla
593 2457 660 2516 fidei
679 2464 794 2517 nostrae
815 2459 885 2518 satis
906 2457 1084 2530 neccssaria,
1150 2527 1162 2540 ,

60 2543 209 2612 quaemihi
230 2561 249 2606 a
269 2545 404 2620 personis
420 2545 548 2619 probatis
569 2551 638 2605 suut
658 2543 758 2604 relata

397 2733 631 2797 osmuunuu
653 2732 730 2818 ric)

78 2851 120 2913 Dc
140 2853 314 2918 GodcocoIco
335 2856 372 2916 de
398 2857 630 2918 Volmucisieine
650 2863 704 2936 poi
725 2857 875 2919 Cinctum
896 2853 951 2917 sub
972 2856 1064 2931 specie

303 2942 428 3020 infantis
449 2948 482 3004 ic
505 2945 643 3006 manicos
664 2949 725 3006 suis
745 2945 828 3006 cidit.

115 3078 179 3140 luit
205 3035 285 3160 apud
319 3099 374 3144 nos
401 3083 559 3146 monachus
587 3086 707 3163 quidam
732 3079 929 3144 Godescalcus
956 3080 1086 3152 nomine,

64 3157 92 3224 dc
126 3174 214 3230 castro
254 3169 371 3246 quidun
405 3171 635 3233 Volmuntsteine
671 3170 821 3247 oriundus,
857 3175 887 3229 et
920 3169 951 3228 in
983 3167 1088 3228 maiori
1133 3255 1135 3260 ,

79 3331 105 3402 i)
120 3333 172 3387 libri
208 3340 354 3413 sanguis.
399 3339 489 3393 llomil.
521 3340 587 3394 ined.
617 3341 757 3413 „Sumitur'
773 3347 858 3392 autem
904 3335 952 3390 rub
981 3343 1089 3404 utraque

123 3405 212 3471 specie,
229 3410 302 3475 panis
319 3408 415 3462 scilicet
432 3420 459 3463 et
483 3412 550 3475 vini,
573 3419 642 3464 totus
660 3411 784 3465 Christus.
818 3408 897 3462 Panis
921 3406 1032 3460 refertur
1056 3401 1089 3455 ad

122 3489 219 3541 corpus,
235 3479 321 3530 vinum
340 3477 372 3530 cd
390 3483 504 3532 animem.
524 3480 556 3534 Ut
573 3491 655 3533 autern
674 3480 789 3534 Christus
808 3477 953 3532 ostenderet
970 3483 1048 3528 totam
1061 3487 1090 3524 se

122 3541 226 3598 hominis
237 3557 351 3601 naturam
364 3553 514 3618 suscepisse,
531 3550 557 3603 id
573 3559 612 3604 est
627 3567 719 3618 corpus
736 3560 763 3602 et
780 3552 896 3613 animam,
913 3555 940 3600 et
957 3554 1090 3611 utramque

123 3613 252 3681 redimere,
270 3617 317 3670 sub
335 3616 427 3686 duplici
446 3621 542 3689 specie,
559 3623 632 3690 panis
650 3620 746 3674 scilicet
763 3628 790 3672 et
807 3620 868 3682 vini,
885 3615 965 3670 voluit
982 3612 1031 3665 hoc
1047 3626 1091 3662 sa·

124 3695 272 3740 momentum
291 3687 439 3743 celebrari.“
459 3721 489 3734 ..
508 3691 541 3761 2)
559 3693 583 3743 in
602 3690 704 3760 Regulis
722 3687 799 3742 Theoi
836 3690 889 3750 iae,
912 3699 1017 3755 quarum
1034 3693 1091 3731 mc·

124 3755 191 3807 niuit
208 3767 297 3812 auctor
315 3775 391 3828 supra
409 3759 468 3828 Vll,
487 3761 526 3814 16.
545 3777 571 3832 p.
589 3761 632 3814 22.
652 3789 682 3801 -
702 3759 734 3829 ³)
751 3758 822 3814 Aco
863 3755 976 3811 omnis.
1006 3777 1037 3790 -·
1057 3747 1090 3815 *J
1169 3775 1172 3782 ’

130 3821 215 3879 iicnu'i.
234 3827 254 3880 l.
271 3843 297 3898 p.
318 3829 360 3882 59.
