2506 4254
161 307 224 368 aar
473 305 700 370 nanneno
723 305 880 370 nucius
908 379 912 390 ,

159 428 317 506 pandisset,
337 445 422 490 mane
443 432 525 506 qnasi
545 429 583 489 ad
604 429 761 490 abluendas
783 447 883 491 earnes
905 447 971 489 cum
992 429 1113 507 quodam
1132 446 1175 490 suo

161 515 272 593 collega
298 517 446 576 tabernam
477 519 601 577 intravit.
645 517 774 592 Cumque
795 516 834 576 ad
855 516 980 577 officium
1000 519 1101 579 missae
1120 515 1177 594 pul-

160 609 278 678 saretur,
290 609 319 673 et
331 602 431 663 fideles
445 603 483 665 a'd
505 603 655 664 ecclesiam
677 603 859 678 confluerent,
880 620 935 664 nee
956 621 1014 664 non
1036 623 1071 666 ex
1091 601 1176 667 cadem

160 690 294 765 taberna,
322 692 436 766 iamque
464 689 517 750 soli
545 689 574 748 hi
604 691 661 751 duc
687 690 744 750 illic
771 697 951 750 remanentes
979 698 1121 768 potarent,
1144 691 1177 748 ait

160 775 232 858 alter
257 776 395 838 camilici:
429 778 513 838 Certe
545 777 631 836 modo
660 780 743 836 nimis
772 777 821 836 diu
850 783 1065 858 exspectamus;
1093 791 1177 840 eamus

160 880 229 940 ergo
242 864 281 923 ad
298 864 449 924 ecclesiam
469 869 585 941 propter
606 881 702 924 sacros
724 865 844 944 cineres,
884 863 937 923 Cui
958 864 1006 924 ille
1027 867 1176 944 mysterium

160 953 286 1011 cinerum
307 950 457 1025 irridendo,
479 951 638 1026 respondit:
661 950 745 1025 Sede,
767 951 894 1026 egotibi
916 950 993 1011 dubo
1015 956 1132 1032 cineres,
1154 955 1177 1008 et
1237 945 1238 950 ’

159 1043 191 1097 tu
220 1037 297 1096 mihi.
339 1038 512 1114 Tollensque
545 1039 653 1097 cineres
682 1036 717 1097 dc
743 1036 818 1113 lure,
846 1039 965 1097 iactavit
992 1057 1078 1116 super
1104 1043 1176 1114 capnt

160 1127 230 1186 eiua
285 1125 324 1183 Et
355 1142 422 1185 ecce
454 1143 522 1185 mox
549 1141 643 1201 poena
674 1125 809 1183 irrisionis
834 1125 989 1184 subsecuta
1018 1134 1069 1187 est.
1114 1127 1176 1186 Nan

159 1213 256 1271 statim
285 1212 360 1271 cuca
388 1219 475 1287 caput
501 1218 530 1290 et
556 1213 660 1272 faciem
679 1216 792 1270 tannim
813 1213 902 1270 sensit
922 1211 1086 1291 pulverem,
1109 1213 1176 1273 acsi
1238 1255 1239 1294 ,

159 1298 275 1358 follibus
296 1298 323 1356 ei
343 1299 541 1360 insufflaretur.
584 1299 714 1374 Cumque
735 1299 847 1357 territus
869 1297 1054 1375 exclamaret,
1081 1305 1175 1360 tantun

161 1401 210 1444 ore
239 1387 340 1446 cineris
360 1385 471 1461 hausit,
499 1392 532 1445 ut
557 1402 632 1461 pene
658 1384 814 1444 suffocatus
841 1384 950 1444 suisset
1001 1387 1175 1449 accursum

159 1470 249 1547 multi,
269 1472 385 1549 plagam
405 1479 466 1533 tam
486 1473 645 1532 mirabilem
665 1471 805 1531 videntes.
846 1471 960 1531 Ductus
982 1480 1026 1534 est
1045 1475 1073 1532 in
1092 1473 1175 1549 prori-

159 1576 238 1618 mam
257 1559 388 1636 insulam,
408 1563 438 1618 in
461 1578 519 1636 qua
538 1577 596 1618 non
617 1559 711 1634 pulvis
733 1557 785 1618 sed
806 1575 925 1634 gramm
946 1566 1023 1636 erat,
1051 1559 1099 1620 sed
1117 1557 1174 1618 nihil
1239 1567 1240 1592 ³

159 1634 235 1726 illi¹)
263 1647 377 1724 profuit
418 1646 453 1705 In
474 1647 592 1722 Rheno,
618 1649 648 1704 in
668 1647 812 1723 pomerio,
845 1648 874 1704 in
896 1644 1024 1722 solano,
1046 1646 1173 1723 usquein

159 1732 256 1809 aliquo
276 1733 341 1794 loco
364 1734 515 1793 sturbino
538 1735 664 1793 cincmm
686 1749 717 1793 se
739 1730 890 1792 defendere
911 1735 1020 1810 potuit;
1048 1732 1174 1809 aquibus

159 1819 277 1881 tandem
304 1820 476 1895 suffocatus,
514 1837 638 1897 poenam
665 1821 799 1879 irrisionis
826 1818 887 1878 luit.
929 1820 1007 1881 Ecce
1037 1820 1118 1880 homo
1145 1817 1174 1876 dc

160 1925 218 1984 quo
232 1908 440 1985 supradictum
454 1912 506 1982 est,
528 1907 687 1966 devotionis
703 1908 795 1982 gratia
816 1908 902 1966 etiam
924 1909 979 1967 sub
1000 1914 1074 1966 terra
1093 1907 1173 1966 urere
1240 1897 1241 1936 l

159 1996 269 2071 pctuit;
300 1994 377 2054 hunc
398 1996 428 2051 in
456 2011 523 2054 aere
543 1997 601 2054 iam
623 1994 700 2054 dicta
721 1993 805 2068 culpa
826 1993 984 2053 suffocavit.
1028 1993 1091 2053 Duo
1110 2006 1173 2050 nunc

160 2079 308 2141 subiiciam
329 2080 480 2159 miracula3
501 2083 625 2158 primum
643 2082 745 2141 meruit
764 2083 855 2141 virtus
876 2080 1049 2156 humilitatis,
1068 2093 1173 2156 sequens

160 2170 250 2228 virtus
271 2169 419 2228 castitatis.

512 2429 743 2499 scammum
768 2429 847 2490 mv.
906 2399 908 2405 ’

248 2573 296 2632 Da
317 2587 456 2632 eonvmo
477 2569 601 2630 subulm
623 2577 650 2629 et
672 2569 779 2629 arbore
800 2573 862 2629 aas
883 2573 994 2630 meritis
1014 2573 1106 2629 sensa

225 2710 368 2771 Liffardus
400 2711 480 2770 cuius
512 2710 627 2768 memini
662 2711 692 2767 in
725 2706 904 2768 distinctione
940 2715 1044 2784 quarta
1071 2701 1176 2782 capitulo

163 2805 273 2876 quarto,
295 2814 450 2858 conversus
463 2797 515 2855 suit
535 2797 564 2854 in
581 2795 802 2855 Hcmmenrode.
844 2795 902 2854 Hie
924 2812 990 2854 cum
1013 2800 1086 2854 esset
1104 2793 1175 2850 homo

161 2887 236 2946 bene
263 2891 363 2960 natus,
390 2890 423 2943 ut
450 2901 502 2960 per
528 2883 718 2942 humilitatem
746 2881 868 2958 amplius
889 2887 1059 2956 mereretur,
1091 2891 1176 2955 porcos

161 2975 323 3032 monasterii
350 2987 468 3047 pascere
489 2987 547 3029 non
569 2969 713 3045 despexit,
740 2971 798 3028 imo
819 2970 952 3045 precibus
974 2969 1051 3028 idem
1071 2965 1176 3026 officium

161 3060 292 3118 obtinuit
333 3058 390 3118 Die
419 3056 543 3133 quadam
571 3074 637 3115 cum
664 3059 743 3114 iuxta
770 3073 870 3114 nemus
899 3072 1017 3132 gregem
1044 3064 1176 3130 porcorum

160 3146 295 3221 pavisset,
315 3144 387 3204 vidit
405 3145 445 3204 ibi
467 3143 539 3204 duas
552 3143 669 3202 arbores
691 3159 764 3218 quae
787 3142 822 3202 de
844 3159 901 3200 uno
923 3147 1025 3202 trunco
1046 3152 1176 3218 processe·

115 3303 118 3306 Ι
161 3237 232 3289 rant.
276 3222 331 3289 Cui
365 3249 431 3291 cum
462 3248 521 3290 una
549 3229 715 3306 placuisset,
751 3229 924 3305 dixissetque
951 3231 981 3286 in
1011 3225 1093 3288 corde
1121 3237 1176 3294 sno,

161 3316 242 3376 Deus
271 3335 357 3392 quam
385 3318 488 3376 idonea
517 3325 593 3377 esset
619 3316 692 3375 haec
713 3317 798 3374 arbor
820 3315 858 3374 ad
879 3315 1008 3375 alveolos
1029 3325 1176 3390 porcorum,

163 3419 228 3462 mox
264 3402 380 3478 cecidit,
407 3421 443 3462 ac
478 3404 502 3464 si
534 3405 626 3463 securi
647 3405 759 3462 succisa
778 3402 886 3461 fuisset
927 3402 1005 3462 Ecce
1025 3418 1082 3461 non
1101 3394 1177 3458 oranti

167 3489 212 3550 red
240 3492 377 3567 cogitanti
403 3489 512 3566 lignum
541 3489 676 3570 obedivit,
724 3488 808 3549 Haec
837 3488 873 3548 ds
901 3488 1069 3550 humilitate.
1112 3477 1176 3543 Audi

167 3576 237 3638 aliud
257 3575 427 3637 miraculum
448 3576 484 3636 de
506 3579 644 3638 castitate.

178 3869 209 3938 t)
226 3870 288 3924 sna
311 3869 392 3923 nihil
415 3855 462 3934 es,
484 3865 505 3921 F
527 3866 616 3920 nihii.
