2524 4252
367 254 422 314 Dii
436 252 624 316 'PRAEMIO
645 253 910 315 MORTUORUM.
1088 257 1149 316 361

118 381 154 435 ut
191 381 292 451 postea
326 369 390 435 eam
418 375 516 436 verbis
543 376 683 452 explicare
715 378 852 452 nequiret.
895 376 965 435 Post
986 375 1085 435 horam
1114 378 1151 436 ab

120 461 227 538 angelo
249 480 267 520 a
289 479 344 537 quo
366 460 481 543 missal
510 464 616 538 fuerat,
638 469 772 538 extracta,
792 463 878 521 iudici
899 470 1081 538 praesentata
1102 469 1156 522 ests

121 547 213 608 Omns
239 549 340 608 faciem
368 556 435 608 tune
464 559 560 609 emoto
588 549 729 609 velamine
757 553 905 626 perspicue
934 550 1016 625 vidit,
1045 556 1152 609 tantam

119 635 348 710 familiaritatem,
370 637 571 696 iocunditatem
592 644 679 712 atque
701 636 879 696 dulcedinem
900 654 987 713 puero
1010 637 1155 710 exhibens,

122 729 157 781 ut
179 739 242 782 eam
264 722 421 782 deosculari
442 727 582 799 potuisset
602 727 626 784 si
648 724 801 784 voluisset:
835 724 873 782 Et
901 741 966 782 cunr
995 731 1061 784 ante
1091 724 1154 782 eul-

120 827 192 885 pam
220 811 248 866 in
275 809 400 870 humana
427 811 518 870 forma
540 811 683 870 Christum
710 811 842 884 vidisset,
870 818 936 886 post
960 813 1155 886 purgatorium

121 899 153 956 in
175 895 321 956 divinitate
338 897 465 968 ,eundern
489 901 591 958 meruit
620 898 811 973 contemplari.
854 896 944 955 Juxta
973 915 1056 971 quern
1086 898 1156 956 vidit

123 982 278 1060 gloriosam
304 986 364 1044 eius
387 983 558 1044 Genitrieem
587 988 615 1042 in
644 985 715 1044 solio
744 983 891 1059 splendido
918 985 1100 1058 residentem,
1128 991 1156 1044 et

118 1067 159 1130 'in
178 1071 296 1130 cicuitu
319 1068 443 1148 eorum²)
473 1071 679 1130 multitudinem
701 1070 892 1146 Angelorum,
919 1071 1157 1145 Patriarcharum,

123 1151 343 1231 Prophetarum,
355 1157 569 1234 Apostolorum,
580 1157 749 1233 Martyrum,
771 1157 978 1231 Confessorum,
1000 1159 1157 1234 Virginem,

124 1244 303 1318 aliorumque
324 1243 471 1304 iustorum.
509 1245 651 1304 Diabolus
672 1261 748 1304 vero.
762 1247 865 1304 timens
887 1247 1009 1304 animam
1032 1245 1157 1320 perdere,

126 1332 169 1390 ait
189 1329 226 1388 ad
239 1329 349 1390 Deum:
372 1332 484 1390 Bonum
500 1338 544 1390 est
564 1338 596 1390 ut
617 1331 769 1390 reducatur
791 1331 828 1389 ad
851 1339 1015 1406 conposui
1037 1333 1157 1408 amplius

126 1417 222 1476 adhuc
243 1418 295 1476 tibi
316 1420 429 1477 serviat
479 1417 532 1478 Cui
553 1418 694 1476 Dominus
720 1418 878 1492 respondit:
906 1418 971 1477 Hoc
1000 1436 1057 1476 non
1088 1419 1158 1477 dieis

125 1511 244 1580 propter
273 1506 332 1563 eius
361 1505 497 1578 salutem,
526 1505 576 1564 sed
598 1512 715 1580 propter
739 1511 817 1562 tuam
845 1507 1009 1578 nequitiem.
1053 1505 1156 1581 Speras

128 1593 205 1650 enim
227 1590 304 1665 cuod
324 1609 376 1666 per
405 1607 507 1667 corpus
532 1591 695 1666 peccando,
710 1591 825 1670 'cedere
847 1589 963 1669 possim)
986 1595 1015 1648 in
1046 1599 1157 1667 partem

128 1683 218 1736 tuam.
259 1677 338 1736 Data
358 1685 454 1736 tamur
475 1680 627 1751 sententia,
656 1680 752 1736 anime
773 1680 882 1752 corpori
904 1681 1072 1753 restituitur,
1101 1681 1157 1736 rni-

127 1765 257 1823 rantibus
278 1765 385 1824 cuncus
415 1766 462 1838 qui
484 1764 610 1838 aderant,
632 1767 699 1839 quia
724 1782 778 1839 per
799 1767 880 1840 signa
902 1768 975 1839 quae
1007 1768 1036 1822 in
1067 1782 1156 1840 puero

128 1850 276 1924 videntnt,
304 1852 399 1910 verbis
423 1853 482 1910 eius
511 1852 626 1910 credere
648 1851 786 1925 compulsi
808 1857 881 1910 sunt.
915 1851 991 1909 Puer
1008 1869 1076 1911 vero
1098 1859 1158 1910 tum

122 1954 221 1998 amore
242 1935 395 2016 glor-taos),
416 1944 476 1998 turn
489 1941 598 1998 timore
619 1955 745 2012 poenae,
767 1939 887 2013 petriam
910 1956 992 1996 suam
1015 1938 1156 2010 deserens,

124 2026 319 2084 conversionis
340 2028 432 2100 gratie
458 2024 497 2083 ad
518 2024 663 2100 quendam
686 2024 801 2082 domum
834 2023 938 2084 ordinis
960 2028 1048 2084 nostri
1070 2028 1157 2084 venit

126 2112 215 2170 Cuius
236 2110 405 2170 desiderium
428 2129 492 2170 eum
514 2129 669 2192 conversus
679 2108 714 2189 ⁵),
748 2111 833 2170 homo
855 2128 978 2184 nequam
999 2129 1034 2170 ao
1056 2129 1158 2187 super-

123 2199 196 2271 bus,
218 2199 266 2272 qui
287 2197 410 2272 hospitio
431 2206 576 2272 praeerat,
599 2200 793 2274 cognovisset,
815 2214 849 2256 eo
871 2197 1002 2256 audiente
1031 2201 1071 2256 sie
1101 2201 1157 2258 ait:

126 2284 232 2344 Videte
254 2284 368 2359 quando
390 2284 462 2344 tales
483 2287 634 2360 garciones
653 2283 786 2361 moneelri
806 2285 909 2342 fuerint
930 2285 1037 2358 effecti,
1064 2288 1159 2346 statim
1246 2292 1249 2301 ’

126 2370 229 2432 volunt
250 2385 313 2430 esse
335 2370 441 2432 domini
462 2373 560 2430 nostri.
602 2371 635 2429 In
659 2373 738 2430 ouius
754 2372 849 2430 verbis
863 2370 935 2430 adeo
949 2389 1021 2445 puer
1035 2372 1158 2434 seanda-

127 2459 231 2518 liratus
253 2464 310 2532 cst,
338 2465 370 2516 ut
391 2475 410 2516 a
430 2459 575 2533 proposito
604 2457 738 2531 resiliret,
760 2464 788 2515 et
809 2457 846 2516 ad
868 2457 994 2516 ordinem
1022 2459 1158 2534 Temple-

128 2548 235 2604 riorum
250 2561 281 2603 se
295 2539 496 2623 translenet⁶).
538 2542 740 2604 NOVICIUS:
762 2544 873 2604 Multae
889 2547 1012 2604 visiones
1035 2545 1069 2604 de
1089 2564 1159 2605 eon-

129 2633 320 2692 summatione
341 2631 447 2690 saeculi
470 2631 594 2705 quotidie
616 2633 783 2706 recitantur,
809 2635 904 2691 nescio
924 2635 948 2690 si
970 2635 1010 2690 eis
1032 2632 1102 2692 fides
1124 2636 1161 2692 sit

131 2717 302 2778 adhibenda.
345 2716 584 2776 MONACHUS:
613 2720 687 2793 Quia
716 2717 751 2777 de
780 2718 906 2778 adventu
926 2717 1116 2794 Antichristi,
1132 2728 1160 2780 et

131 2807 376 2866 consummatione
388 2804 502 2878 saeculi,
523 2803 604 2862 multi
620 2811 687 2864 sunt
708 2805 827 2881 decepti,
849 2821 922 2880 quae
945 2803 979 2864 de
1001 2805 1044 2864 his
1066 2805 1162 2866 audivi

132 2893 259 2953 scribere
293 2891 379 2951 nolui.
420 2891 507 2950 Forte
535 2893 592 2948 imo
628 2907 685 2949 non
723 2889 838 2971 torta),
874 2898 989 2967 propter
1022 2896 1161 2952 orationes

133 2985 306 3052 motorum,
326 2977 421 3038 iudicii
434 2984 546 3052 tempus
560 2969 694 3053 differtur,
716 2981 789 3038 sicut
806 2997 842 3038 err
859 2980 1043 3054 subsequenti
1057 2982 1164 3042 visione

134 3065 284 3142 colligitur.

446 3291 858 3358 <rodere-rew—

159 3616 190 3685 1)
210 3615 228 3668 B
246 3615 396 3668 immisse.
415 3643 447 3652 -
467 3613 499 3676 2)
517 3611 558 3663 Bu
577 3615 654 3664 eius.
675 3641 704 3654 ..
725 3613 757 3681 3]
775 3613 838 3666 BDE
857 3623 976 3680 posset.
998 3645 1026 3654 -·
1054 3615 1085 3678 4)
1103 3615 1171 3684 glu-

210 3685 278 3738 riae
296 3683 343 3736 add
358 3685 386 3736 l).
406 3682 519 3750 intellige
537 3682 639 3750 gloriam
658 3686 753 3749 patriae
772 3683 894 3734 eoelestis.
910 3713 938 3722 —
953 3685 983 3749 5)
1002 3684 1022 3735 Β
1041 3683 1088 3733 edd
1108 3688 1174 3752 qui-

103 3777 108 3790 =
210 3755 285 3806 dant
311 3783 343 3794 —-
369 3753 400 3815 6)
418 3756 486 3804 iuste
511 3751 592 3804 vrllnnr
617 3754 714 3820 Breisig
737 3752 825 3804 «lomus
849 3754 895 3804 luit
920 3753 1121 3820 Tenrplariorunn.
1140 3785 1172 3793 —

212 3827 242 3891 7)
260 3823 348 3876 llornil.
368 3823 408 3875 tv,
428 3840 452 3890 p.
473 3822 536 3874 126:
557 3821 616 3890 „sed
635 3823 708 3885 forte,
726 3824 775 3874 into
795 3824 848 3874 sine
866 3821 957 3875 forte.“

869 3897 915 3968 16
