2512 4254
332 273 386 334 DE
409 271 593 334 CORPORE
617 271 784 333 CHRlSTI.
1028 272 1087 330 173

65 409 96 453 er
114 392 229 456 alveolis
248 393 320 454 illud
340 395 456 456 locavit.
487 395 563 454 Miro
584 395 640 455 Dei
660 397 797 470 potentia.
830 391 985 453 Vermiculi
1000 391 1089 454 aroa-

63 487 146 540 torem
176 489 362 559 agnoscentes
373 480 406 561 ¹),
436 482 472 541 de
499 481 572 542 favis
593 485 652 542 suis
676 480 846 541 dulcissimis
867 479 971 555 hospiti
979 475 1000 558 ²)
1023 479 1088 540 dul-

63 570 170 628 cissimo
191 565 386 648 capellulam³)
407 571 496 628 mirae
518 575 676 628 structurae
697 569 839 642 fecerunt,
870 570 899 626 in
921 584 979 642 qua
1000 567 1089 626 altare

63 654 183 715 eiusdem
202 659 339 716 materiae
361 657 515 732 erigentes,
544 657 766 716 sacratissimum
789 672 891 730 eorpus
912 671 999 728 super
1018 653 1089 712 illud

62 749 217 816 posuerunt.
258 743 297 802 Et
318 743 463 802 benedixit
481 742 623 802 Dominus
644 744 777 818 operibns
799 758 905 801 eorum.
948 739 1089 799 Processu

62 832 189 905 temporis
210 847 275 890 cnm
296 830 401 890 femine
413 829 489 890 idem
502 830 652 889 vasculum
666 831 831 905 aperuisset,
853 835 882 888 et
902 829 959 886 iarn
981 826 1089 904 dictum

62 918 209 976 oratorium
236 918 457 991 considerasset,
487 919 616 994 expavit,
645 933 815 992 currensque
837 915 875 974 ad
896 913 1088 988 sacerdotem,

62 1001 184 1064 contessa
211 1010 256 1064 est
278 1007 306 1064 ei
326 1006 421 1063 omnia
442 1010 472 1062 et
493 1021 568 1079 quae
590 1004 649 1080 egit
669 1011 698 1062 et
719 1021 794 1078 quae
814 1002 894 1061 vidit.
937 1001 1019 1059 Tunc
1040 999 1088 1060 ille

62 1092 206 1165 asstrmptis
236 1086 364 1170 secum⁴)
395 1089 578 1166 parochianis
605 1092 667 1149 suis
692 1088 730 1150 ad
757 1089 906 1149 vasculum
935 1094 1088 1162 venerunt,

62 1191 125 1250 apes
147 1178 382 1238 circumvolantes
404 1183 434 1236 et
453 1179 483 1236 in
503 1176 619 1236 laudem
634 1176 775 1236 Creatoris
797 1177 993 1237 bombizantes
1014 1174 1088 1234 abe-

62 1271 165 1339 gerunt,
181 1264 338 1341 capellulae
351 1267 482 1339 parietes,
496 1265 643 1338 fenestras,
661 1269 776 1338 tectum,
791 1261 958 1340 campanile,
975 1263 1088 1336 ostium,

63 1353 88 1406 et
107 1349 193 1410 altare
214 1351 402 1426 admirantes,
431 1367 533 1427 corpus
555 1350 673 1409 Domini
695 1367 760 1409 curn
780 1350 866 1409 laude
889 1356 918 1410 et
938 1348 1034 1426 gloria¹
1050 1348 1088 1408 ad

63 1435 231 1518 ecclesiam⁵)
259 1437 422 1498 retulerunt.
471 1438 553 1498 Licet
582 1443 656 1497 enim
669 1433 690 1516 ⁶)
720 1437 856 1496 mirabilis
885 1441 921 1496 sit
949 1435 1029 1494 Deus
1058 1437 1088 1494 in

62 1527 160 1584 sanctis
187 1523 291 1605 suis²),
320 1524 473 1584 mirabilior
501 1531 597 1584 tamen
624 1527 654 1584 in
683 1523 727 1582 his
757 1525 878 1582 minimis
900 1523 1088 1599 praedicatur.

63 1605 101 1668 lle
128 1627 192 1688 ergo
220 1611 324 1688 aliquis
346 1611 381 1670 de
403 1618 498 1671 cetero
520 1611 578 1671 tale
599 1610 668 1686 quid
689 1617 868 1687 praesumat,
895 1611 1016 1668 referam
1037 1610 1088 1668 tibi

64 1711 116 1756 reru
135 1699 294 1774 terribilem,
313 1713 402 1775 'qnam
423 1699 493 1758 milri
508 1711 588 1758 'anno
607 1700 758 1775 praeterito
780 1700 917 1775 magistra
939 1697 975 1756 de
989 1695 1088 1754 Insula

64 1787 146 1846 sancti
163 1785 312 1863 Nycholei
325 1787 463 1849 recitavit.

416 1923 649 1986 CAPITULUM
669 1924 726 1984 ix.

108 2045 154 2105 De
167 2061 267 2124 postea
293 2048 423 2107 modicata
441 2049 625 2128 paralyticae
643 2054 766 2124 propter
787 2061 894 2120 coeptos
915 2043 1039 2102 Dormiat

258 2135 340 2210 qaod
358 2152 447 2210 saper·
468 2136 565 2194 caules
586 2153 655 2196 suos
676 2137 881 2193 seminaverat.

119 2253 184 2314 Fuit
202 2257 233 2314 ln
255 2255 355 2318 eadem
372 2256 466 2316 insula
479 2255 576 2332 puella
591 2255 732 2333 quaedam
745 2256 872 2330 obsessa,
892 2253 967 2312 laica
982 2259 1087 2326 tamen,

65 2351 143 2412 quam
173 2349 201 2402 et
229 2359 282 2420 ego
310 2343 418 2402 ibidem
438 2342 512 2402 ‚vidi
561 2343 726 2418 Requisitus
755 2341 885 2401 diabolus
915 2359 933 2400 a
962 2337 1087 2415 quodam

66 2428 215 2507 sacerdote,
255 2447 306 2489 cur
339 2436 420 2490 tanto
448 2438 577 2506 tempore
606 2436 666 2489 tam
698 2428 848 2489 crudeliter
875 2426 1019 2503 Hartdyla
1051 2425 1087 2483 de

66 2507 227 2596 Cogbemei)
241 2522 428 2593 torqueretur,
441 2535 494 2594 per
507 2534 539 2576 os
553 2517 665 2592 puellae
678 2515 838 2593 respondit:
860 2513 978 2592 Quare?
1006 2513 1087 2570 Bene

66 2603 90 2658 et
108 2605 207 2678 optime
228 2607 340 2664 meruit
382 2603 451 2680 Ipsa
471 2603 650 2664 Altissimum
681 2612 767 2680 super
789 2603 866 2664 olera
887 2621 940 2662 sua
962 2601 1087 2665 semina-

65 2689 107 2747 vit.
138 2689 189 2766 Qui
216 2707 282 2750 cnm
303 2692 424 2752 verbum
450 2695 543 2751 minus
568 2691 752 2768 intelligeret,
786 2707 841 2750 nec
868 2688 916 2748 ille
945 2701 1087 2762 exponere

65 2775 148 2854 vellet,
167 2778 301 2840 sacerdos
326 2777 461 2838 feminam
489 2778 574 2852 adiit,
601 2778 669 2853 quid
698 2778 733 2837 de
763 2795 798 2846 ea
827 2775 957 2835 diabolus
987 2771 1087 2830 dixerit

66 2867 197 2942 exposuit,
229 2879 350 2928 monens
381 2883 418 2924 ne
450 2871 569 2942 negaret
601 2866 624 2922 si
652 2865 830 2941 intelligeret.
880 2861 962 2937 Quae
989 2859 1086 2918 statim

68 2949 169 3026 arlpnm
203 2953 335 3014 contessa
362 2959 406 3011 est
434 2952 543 3012 dicens:
574 2949 704 3012 Verbum
734 2953 807 3011 bene
835 2948 977 3024 intelligo,
1009 2943 1087 3020 quod

64 3049 196 3114 nunquam
230 3046 328 3100 tamen
360 3038 469 3098 homini
495 3057 548 3116 per
576 3055 622 3097 me
650 3037 826 3113 publicatum
857 3042 908 3095 eet.
962 3032 1086 3110 Quando

64 3123 200 3188 iuvencula
232 3143 311 3188 eram
345 3132 374 3186 et
400 3125 514 3185 hortum
544 3123 731 3184 excolendum
758 3126 963 3199 suscepissem,
1001 3127 1086 3204 noete

65 3211 174 3284 quadarn
195 3212 344 3272 mulierem
364 3231 470 3290 vagam
491 3212 615 3289 bospitio
637 3214 732 3287 recepi
743 3208 773 3291 ⁹).
817 3211 870 3270 Cui
892 3228 957 3269 cum
981 3207 1086 3267 damna

64 3293 127 3358 horti
145 3303 199 3360 mei
220 3303 429 3376 exposuissem,
451 3317 581 3360 asserens
604 3301 699 3358 omnia
720 3298 797 3358 olera
818 3293 856 3358 ab
880 3299 971 3358 erucis
994 3295 1086 3354 devo-

64 3387 120 3462 ran·;
151 3387 295 3463 respondit
315 3386 379 3446 illa:
411 3387 523 3446 Bonam
545 3393 574 3446 te
595 3387 733 3446 instruam
754 3385 942 3445 medicinam..
976 3382 1086 3457 Accipe

65 3485 153 3549 eorpus
173 3475 290 3535 Domini
311 3480 340 3533 et
361 3476 521 3532 comminue
542 3472 620 3547 illud,
642 3475 740 3548 sicque
758 3489 843 3548 super
864 3473 942 3531 olera
959 3484 1086 3544 spargas,

65 3563 89 3616 ct
106 3562 194 3620 statim
214 3561 277 3620 lues
300 3561 432 3621 cessabit.
474 3559 537 3638 Ego
566 3562 670 3620 misera
698 3563 744 3620 oui
765 3563 856 3619 maior
877 3575 945 3617 cura
967 3562 1028 3614 eret
1049 3553 1085 3610 de
1149 3595 1154 3600 .

80 3657 105 3728 1)
122 3657 141 3713 C
158 3659 345 3714 Creatorem
363 3677 447 3712 suum
465 3670 714 3728 cognoscentes.
734 3690 765 3700 -
784 3661 816 3728 2)
834 3657 854 3712 C
873 3655 1000 3723 hospiti
1019 3665 1084 3703 suo.

122 3759 150 3813 -f
169 3731 200 3800 3)
218 3729 260 3783 BC
284 3729 450 3840 capellam.
469 3731 551 3814 74)
574 3745 681 3782 secum
703 3729 798 3840 addid.
817 3759 849 3769 -
869 3723 955 3845 5)a617t
979 3721 1084 3842 egle-

120 3797 337 3940 ‚tidelm
357 3801 609 3939 9)163)οἶῗιἐᾞοῖ”ἶ.
628 3799 703 3856 ΑΜ
777 3799 809 3868 ⁷)
833 3797 897 3850 Μ’
960 3829 967 3858 ’
1025 3829 1031 3842 ’
