2524 4252
344 729 528 816 mnnx
557 721 992 836 onrrnnnononr.

450 910 881 964 -ο-ὶῆθθῦΕΕ-ν-

297 1087 493 1136 ”intinctio
512 1089 671 1148 septima
689 1087 738 1137 de
757 1090 888 1137 sanetas
904 1087 1036 1136 illaria·

155 1187 174 1242 I.
209 1188 250 1242 Dc
267 1171 310 1250 his
329 1203 397 1258 qnae
420 1188 526 1241 beatam
543 1187 684 1257 Virginem
706 1187 820 1240 Mariam
837 1189 951 1258 mystica
978 1187 1130 1256 designant,

206 1265 233 1310 et
250 1257 283 1312 do
300 1258 438 1312 beneficiis
455 1257 571 1310 humano
589 1257 680 1328 generi
697 1273 745 1326 per
763 1273 823 1311 eum
842 1257 946 1312 collatis
949 1292 1131 1312 .....
1167 1258 1182 1310 1

154 1325 186 1381 II.
222 1327 263 1380 De
280 1327 398 1397 imagine
417 1327 483 1392 eius,
503 1342 571 1397 quae
589 1327 697 1380 sudavit
714 1327 810 1380 timore
829 1327 938 1380 dirinae
956 1325 1130 1380 sententiae..
1167 1327 1182 1376 3

154 1395 193 1448 III
227 1396 269 1449 De
285 1397 366 1468 plaga
382 1395 486 1450 Frisiae
504 1395 539 1450 ob
557 1396 684 1450 iniuriam
700 1396 838 1450 Dominici
857 1395 985 1465 corporis.
1039 1435 1045 1448 .
1080 1434 1087 1448 .
1124 1434 1131 1446 .
1167 1395 1182 1448 ὀ

153 1463 200 1518 IV.
235 1465 275 1518 De
293 1466 430 1519 sacerdote
446 1465 539 1532 idiota,
577 1466 607 1517 ni
624 1481 640 1518 a
657 1473 748 1518 sancto
765 1465 869 1520 Thema
881 1464 1064 1518 Cantnariensi
1082 1463 1131 1516 de-

204 1533 335 1604 gradatus,
353 1550 402 1603 per
419 1535 525 1588 beatam
571 1535 655 1588 ariam
672 1535 791 1588 officium
808 1551 886 1588 suum
903 1533 1078 1603 recuperavit.
1124 1573 1130 1584 .
1167 1534 1205 1586 5·

153 1603 187 1658 V.
222 1603 288 1658 Item
306 1605 340 1658 de
358 1603 495 1657 sacerdote
512 1603 541 1655 in
559 1603 654 1656 Derlar
677 1603 762 1657 idiota
780 1610 806 1658 et
825 1605 960 1674 deposito,
980 1604 1024 1656 cui
1041 1608 1132 1655 sancta

203 1671 289 1727 Morio
306 1674 446 1727 eeclesiam
464 1673 569 1728 restitui
585 1673 729 1742 praecepit.
782 1710 1131 1728 .........
1166 1673 1182 1724 6

152 1740 199 1796 v1.
232 1743 274 1796 De
292 1743 402 1798 domino
420 1743 576 1796 Innocentio
594 1742 675 1810 Papa,
694 1757 775 1812 quem
792 1749 882 1796 saneta
898 1742 984 1795 Maria
1002 1739 1132 1808 corripuit

203 1826 252 1880 per
274 1811 431 1878 Renerium,
462 1828 523 1865 cum
546 1813 576 1864 in
598 1811 722 1866 ordinem
748 1811 952 1864 cisterciensem
978 1809 1131 1864 exactiones

203 1881 289 1934 Incero
308 1887 448 1936 conaretur
448 1919 1129 1935 .................
1166 1882 1180 1930 l

152 1949 212 2004 VII.
246 1950 287 2004 De
304 1949 426 2004 vindicta
443 1949 563 2004 hostiurn
579 1947 646 2004 Loci
664 1959 769 2004 sanctae
787 1949 895 2004 Mariae.
952 1988 1129 2003 .....
1165 1949 1181 2000 8

151 2019 225 2072 VIII.
258 2019 300 2072 De
317 2019 433 2074 Henrico
452 2019 580 2073 canonico
599 2019 684 2072 sancti
701 2017 852 2085 Knniberti,
872 2020 920 2090 qui
936 2034 985 2090 per
1002 2019 1131 2072 interces-

204 2089 308 2142 sionem
325 2095 432 2143 sanctae
449 2089 550 2142 Mariae
569 2103 713 2142 conversus
732 2095 779 2142 est.
823 2127 1130 2144 ........
1148 2088 1180 2139 11

151 2155 200 2210 IX.
234 2157 276 2210 Dc
292 2157 425 2212 monacho
449 2159 522 2227 apud
544 2157 735 2212 monasterium
758 2157 903 2223 infirmato,
933 2157 1007 2239 quod
1023 2157 1131 2225 Trappa

204 2226 308 2293 dicitur,
328 2226 372 2280 cni
390 2235 480 2281 sancta
496 2227 582 2282 Maria
599 2226 711 2298 gratiam
728 2227 874 2281 confitendi
891 2227 1045 2280 obtinuit..
1081 2266 1087 2278 .
1124 2226 1181 2278 ‚12

151 2295 186 2350 X.
222 2296 340 2364 Itemde
359 2296 465 2350 duobus
482 2297 622 2360 mendicis,
640 2297 669 2348 in
687 2295 817 2367 hospitali
834 2297 890 2350 eins
908 2296 1019 2350 Parisiis
1037 2309 1131 2366 aegro-
1246 2345 1253 2362 ,

203 2366 329 2432 tontibus,
349 2381 417 2436 quos
437 2367 470 2419 de
492 2367 658 2420 confessione
675 2366 787 2420 monuit
824 2405 1131 2419 ........
1148 2365 1182 2418 13

150 2429 199 2488 XI.
234 2434 275 2488 De
292 2434 373 2504 Petro
397 2437 541 2489 monoculo
558 2435 666 2489 Abbate
684 2434 869 2500 cleremaldo,
897 2435 941 2488 cui
964 2435 993 2486 in
1017 2435 1131 2488 ccclesia

204 2503 323 2574 Spirensi
340 2510 433 2558 sancta
449 2502 535 2558 Maria
555 2503 772 2558 benedictionem
790 2504 866 2558 dedit
868 2544 1129 2558 .......
1148 2504 1182 2556 14

151 2571 212 2628 XII.
247 2573 314 2626 ltem
333 2574 367 2626 de
383 2572 521 2627 monachis
539 2581 619 2656 atque
628 2575 774 2628 conversis
792 2574 820 2626 in
839 2573 1050 2640 Hemmonrode,
1068 2573 1130 2644 qui-

203 2637 254 2696 bus
271 2641 307 2696 ad
345 2643 351 2654 '
373 2643 432 2697 'lias
451 2643 599 2708 benedixit
618 2642 733 2697 Hernico
753 2657 880 2720 congerso
901 2643 1069 2712 inspiciente.
1123 2683 1129 2694 .
1148 2643 1181 2694 15

151 2709 225 2764 XIII.
260 2709 328 2764 Item
365 2713 493 2766 eeodem
511 2728 653 2777 converso,
681 2718 708 2765 et
731 2713 824 2766 ceteris
849 2712 984 2766 conversis
1001 2711 1129 2776 infirmis,

221 2796 271 2834 uos
289 2788 369 2835 noctu
387 2783 499 2836 visitans
517 2783 657 2836 beuedeit
658 2822 871 2836 ......
876 2793 882 2804 ’
908 2821 1128 2835 ......
1147 2781 1180 2832 16

152 2847 193 2902 XI
221 2891 228 2904 .
264 2851 329 2906 Itern
349 2851 382 2906 de
399 2851 549 2918 monachis,
569 2852 668 2922 quibus
687 2851 880 2904 dormientibus
897 2851 1051 2916 benedixit,
1075 2865 1130 2904 uno

203 2925 305 2982 tanturn
322 2921 452 2991 neglecto,
471 2921 536 2992 quia
551 2921 704 2974 inordInate
721 2921 826 2976 iacebat
852 2961 858 2974 .
909 2960 1129 2975 ......
1148 2920 1181 2971 16

151 2985 212 3042 XV.
246 2989 288 3043 De
306 3003 337 3042 eo
356 2991 437 3062 qnod·
455 2990 532 3044 beata
549 2989 632 3062 Virgo
650 2989 736 3044 Maria
753 3005 814 3042 cum
837 2996 927 3044 sancta
943 2989 1086 3044 Elizabeth
1104 2999 1130 3042 et

202 3055 288 3110 Maria
304 3057 349 3111 Ma
368 3060 464 3114 dnlena
480 3061 617 3128 praedicto
637 3074 765 3113 converso
783 3075 817 3130 ap
838 3059 907 3112 aruit
909 3099 1128 3113 ......
1147 3057 1179 3108 ll

151 3123 225 3182 XVI.
259 3127 323 3180 Vita
342 3077 447 3182 Xomini
465 3128 609 3184 Christiani
626 3129 752 3182 monachi
771 3129 804 3182 de
847 3128 1026 3182 emmenrode.
1079 3169 1085 3182 .
1121 3118 1179 3183 ,17

148 3195 238 3250 XVII.
272 3196 313 3250 De
331 3199 440 3252 sacrIsta
458 3199 491 3252 de
509 3195 608 3264 Lucka,
627 3199 675 3270 qui
691 3204 769 3252 nocte
787 3206 904 3250 sanctam
919 3197 1032 3251 Mariam
1049 3213 1130 3268 super

217 3266 284 3321 ltare
300 3267 419 3321 residere
438 3268 577 3338 conspexit
579 3307 1127 3322 ..............
1146 3266 1181 3318 23

151 3333 203 3390 XV
231 3335 250 3387 I.
286 3335 353 3388 Item
372 3335 405 3390 de
423 3337 540 3409 quodam
552 3337 683 3390 monacho
703 3335 823 3390 eiusdem
842 3337 975 3402 coenobii,
1002 3337 1049 3408 qni
1067 3353 1129 3389 san·

111 3419 115 3432 ⁴
202 3411 272 3460 ctam
289 3405 401 3460 Mariam
417 3407 453 3462 ad
461 3407 568 3476 vigillas
587 3406 707 3472 circuire,
726 3412 753 3458 et
761 3407 926 3476 singulorum
938 3406 1130 3460 monachorum

201 3473 293 3528 vultus
312 3473 435 3544 detegere
452 3476 529 3544 vidit,
548 3473 654 3528 duobus
672 3481 774 3528 tantum
791 3477 919 3546 neglectis
922 3515 1128 3530 ......
1145 3473 1180 3526 lt

150 3539 226 3596 XIX.
261 3543 328 3596 Item
359 3543 392 3598 de
421 3545 504 3600 altero
528 3544 660 3599 monacho
684 3544 804 3598 ciusdem
832 3545 953 3609 claustri,
984 3545 1027 3598 cui
1051 3544 1130 3597 beata

202 3610 287 3666 Mario
310 3628 392 3684 super
417 3615 499 3670 altare
522 3615 552 3672 in
575 3629 635 3670 aere
661 3615 731 3668 inter
753 3615 954 3668 multitudinem
977 3618 1130 3668 sanctorum
1143 3679 1178 3732 Ἃ

201 3696 218 3734 a
256 3683 333 3736 aruit.
391 3721 1126 3738 ..................

149 3697 288 3806 XX.ppDe
306 3752 457 3807 visionibus
473 3753 576 3811 nobilis
593 3753 706 3826 virgInis
719 3753 752 3810 de
770 3752 859 3820 Quida
860 3790 1132 3806 .......
1145 3750 1183 3804 25
