<?xml version="1.0" encoding="UTF-8"?>
<!DOCTYPE html PUBLIC "-//W3C//DTD XHTML 1.0 Transitional//EN"
    "http://www.w3.org/TR/xhtml1/DTD/xhtml1-transitional.dtd">
<html xmlns="http://www.w3.org/1999/xhtml" xml:lang="en" lang="en">
 <head>
  <title>
</title>
<meta http-equiv="Content-Type" content="text/html;charset=utf-8" />
  <meta name='ocr-system' content='tesseract 3.04.00' />
  <meta name='ocr-capabilities' content='ocr_page ocr_carea ocr_par ocr_line ocrx_word'/>
</head>
<body>
  <div class='ocr_page' id='page_1' title='image "./caesariiheister02stragoog_0033.png"; bbox 0 0 2608 4252; ppageno 0'>
   <div class='ocr_carea' id='block_1_1' title="bbox 149 219 877 356">
    <p class='ocr_par' dir='ltr' id='par_1_1' title="bbox 149 219 877 356">
     <span class='ocr_line' id='line_1_1' title="bbox 149 219 877 356; baseline 0.005 -26"><span class='ocrx_word' id='word_1_1' title='bbox 149 274 189 330; x_wconf 80' lang='lat' dir='ltr'><strong>aa</strong></span> <span class='ocrx_word' id='word_1_2' title='bbox 440 219 689 356; x_wconf 40' lang='lat' dir='ltr'><strong>,nanneno</strong></span> <span class='ocrx_word' id='word_1_3' title='bbox 703 272 877 334; x_wconf 82' lang='lat' dir='ltr'><strong>sarnum</strong></span> 
     </span>
    </p>
   </div>
   <div class='ocr_carea' id='block_1_2' title="bbox 78 386 1187 2120">
    <p class='ocr_par' dir='ltr' id='par_1_2' title="bbox 78 386 1187 2120">
     <span class='ocr_line' id='line_1_2' title="bbox 149 386 1186 473; baseline 0 -19"><span class='ocrx_word' id='word_1_4' title='bbox 149 395 240 454; x_wconf 87' lang='lat' dir='ltr'><strong>ciens:</strong></span> <span class='ocrx_word' id='word_1_5' title='bbox 279 393 341 452; x_wconf 90' lang='lat' dir='ltr'><strong>Vos</strong></span> <span class='ocrx_word' id='word_1_6' title='bbox 380 393 453 455; x_wconf 88' lang='lat' dir='ltr'><strong>forts</strong></span> <span class='ocrx_word' id='word_1_7' title='bbox 493 395 613 454; x_wconf 88' lang='lat' dir='ltr'><strong>eandem</strong></span> <span class='ocrx_word' id='word_1_8' title='bbox 651 397 772 471; x_wconf 79' lang='lat' dir='ltr'><strong>gratiam</strong></span> <span class='ocrx_word' id='word_1_9' title='bbox 811 395 990 454; x_wconf 79' lang='lat' dir='ltr'><strong>ascriberetis</strong></span> <span class='ocrx_word' id='word_1_10' title='bbox 1028 386 1186 473; x_wconf 80' lang='lat' dir='ltr'><strong>virginitati</strong></span> 
     </span>
     <span class='ocr_line' id='line_1_3' title="bbox 148 481 1184 558; baseline 0 -18"><span class='ocrx_word' id='word_1_11' title='bbox 148 486 274 555; x_wconf 90' lang='lat' dir='ltr'><strong>vestrae,</strong></span> <span class='ocrx_word' id='word_1_12' title='bbox 296 487 325 540; x_wconf 90' lang='lat' dir='ltr'><strong>et</strong></span> <span class='ocrx_word' id='word_1_13' title='bbox 355 481 418 540; x_wconf 89' lang='lat' dir='ltr'><strong>vult</strong></span> <span class='ocrx_word' id='word_1_14' title='bbox 438 481 519 540; x_wconf 90' lang='lat' dir='ltr'><strong>Deus</strong></span> <span class='ocrx_word' id='word_1_15' title='bbox 545 483 637 556; x_wconf 90' lang='lat' dir='ltr'><strong>magis</strong></span> <span class='ocrx_word' id='word_1_16' title='bbox 658 499 711 540; x_wconf 87' lang='lat' dir='ltr'><strong>vos</strong></span> <span class='ocrx_word' id='word_1_17' title='bbox 740 498 804 540; x_wconf 91' lang='lat' dir='ltr'><strong>csse</strong></span> <span class='ocrx_word' id='word_1_18' title='bbox 825 481 962 556; x_wconf 81' lang='lat' dir='ltr'><strong>humiles,</strong></span> <span class='ocrx_word' id='word_1_19' title='bbox 984 499 1072 557; x_wconf 90' lang='lat' dir='ltr'><strong>quam</strong></span> <span class='ocrx_word' id='word_1_20' title='bbox 1092 484 1184 558; x_wconf 90' lang='lat' dir='ltr'><strong>virgi-</strong></span> 
     </span>
     <span class='ocr_line' id='line_1_4' title="bbox 78 567 1184 643; baseline 0.002 -17"><span class='ocrx_word' id='word_1_21' title='bbox 78 618 82 626; x_wconf 93' lang='lat'>.</span> <span class='ocrx_word' id='word_1_22' title='bbox 148 585 208 626; x_wconf 89' lang='lat' dir='ltr'><strong>nes.</strong></span> <span class='ocrx_word' id='word_1_23' title='bbox 250 567 330 626; x_wconf 90' lang='lat' dir='ltr'><strong>Bene</strong></span> <span class='ocrx_word' id='word_1_24' title='bbox 350 567 552 642; x_wconf 84' lang='lat' dir='ltr'><strong>intellexeram,</strong></span> <span class='ocrx_word' id='word_1_25' title='bbox 572 584 631 625; x_wconf 91' lang='lat' dir='ltr'><strong>non</strong></span> <span class='ocrx_word' id='word_1_26' title='bbox 646 571 707 626; x_wconf 91' lang='lat' dir='ltr'><strong>sine</strong></span> <span class='ocrx_word' id='word_1_27' title='bbox 729 569 863 643; x_wconf 90' lang='lat' dir='ltr'><strong>superbia</strong></span> <span class='ocrx_word' id='word_1_28' title='bbox 885 585 949 626; x_wconf 91' lang='lat' dir='ltr'><strong>eam</strong></span> <span class='ocrx_word' id='word_1_29' title='bbox 970 569 1061 629; x_wconf 91' lang='lat' dir='ltr'><strong>verba</strong></span> <span class='ocrx_word' id='word_1_30' title='bbox 1080 568 1184 628; x_wconf 88' lang='lat' dir='ltr'><strong>buius-</strong></span> 
     </span>
     <span class='ocr_line' id='line_1_5' title="bbox 148 652 1184 732; baseline 0.002 -20"><span class='ocrx_word' id='word_1_31' title='bbox 148 654 227 714; x_wconf 87' lang='lat' dir='ltr'><strong>modi</strong></span> <span class='ocrx_word' id='word_1_32' title='bbox 247 653 405 730; x_wconf 86' lang='lat' dir='ltr'><strong>protulisse.</strong></span> <span class='ocrx_word' id='word_1_33' title='bbox 449 652 535 728; x_wconf 84' lang='lat' dir='ltr'><strong>Quod</strong></span> <span class='ocrx_word' id='word_1_34' title='bbox 552 653 652 712; x_wconf 90' lang='lat' dir='ltr'><strong>talium</strong></span> <span class='ocrx_word' id='word_1_35' title='bbox 672 661 783 713; x_wconf 89' lang='lat' dir='ltr'><strong>mentes</strong></span> <span class='ocrx_word' id='word_1_36' title='bbox 804 653 978 730; x_wconf 86' lang='lat' dir='ltr'><strong>quaudoque</strong></span> <span class='ocrx_word' id='word_1_37' title='bbox 991 656 1080 714; x_wconf 84' lang='lat' dir='ltr'><strong>virtus</strong></span> <span class='ocrx_word' id='word_1_38' title='bbox 1094 657 1184 732; x_wconf 88' lang='lat' dir='ltr'><strong>virgi·</strong></span> 
     </span>
     <span class='ocr_line' id='line_1_6' title="bbox 149 738 1184 820; baseline 0.003 -22"><span class='ocrx_word' id='word_1_39' title='bbox 149 743 245 800; x_wconf 90' lang='lat' dir='ltr'><strong>nitatis</strong></span> <span class='ocrx_word' id='word_1_40' title='bbox 266 741 399 816; x_wconf 83' lang='lat' dir='ltr'><strong>extabat,</strong></span> <span class='ocrx_word' id='word_1_41' title='bbox 422 757 458 798; x_wconf 88' lang='lat' dir='ltr'><strong>ex</strong></span> <span class='ocrx_word' id='word_1_42' title='bbox 489 741 585 802; x_wconf 82' lang='lat' dir='ltr'><strong>verbis</strong></span> <span class='ocrx_word' id='word_1_43' title='bbox 614 741 762 798; x_wconf 89' lang='lat' dir='ltr'><strong>cuiusdam</strong></span> <span class='ocrx_word' id='word_1_44' title='bbox 795 742 909 800; x_wconf 89' lang='lat' dir='ltr'><strong>alterius</strong></span> <span class='ocrx_word' id='word_1_45' title='bbox 923 738 938 820; x_wconf 78' lang='grc' dir='ltr'><strong>Ι)</strong></span> <span class='ocrx_word' id='word_1_46' title='bbox 961 741 1184 808; x_wconf 81' lang='lat' dir='ltr'><strong>sanctimonialis</strong></span> 
     </span>
     <span class='ocr_line' id='line_1_7' title="bbox 149 826 1184 904; baseline 0.002 -18"><span class='ocrx_word' id='word_1_47' title='bbox 149 828 202 886; x_wconf 92' lang='lat' dir='ltr'><strong>tibi</strong></span> <span class='ocrx_word' id='word_1_48' title='bbox 222 827 333 903; x_wconf 87' lang='lat' dir='ltr'><strong>plenius</strong></span> <span class='ocrx_word' id='word_1_49' title='bbox 365 826 523 887; x_wconf 86' lang='lat' dir='ltr'><strong>ostendam.</strong></span> <span class='ocrx_word' id='word_1_50' title='bbox 568 827 666 901; x_wconf 84' lang='lat' dir='ltr'><strong>Certe,</strong></span> <span class='ocrx_word' id='word_1_51' title='bbox 693 829 799 903; x_wconf 87' lang='lat' dir='ltr'><strong>inquit,</strong></span> <span class='ocrx_word' id='word_1_52' title='bbox 831 843 888 886; x_wconf 93' lang='lat' dir='ltr'><strong>non</strong></span> <span class='ocrx_word' id='word_1_53' title='bbox 922 844 969 886; x_wconf 88' lang='lat' dir='ltr'><strong>cro</strong></span> <span class='ocrx_word' id='word_1_54' title='bbox 992 827 1091 887; x_wconf 90' lang='lat' dir='ltr'><strong>similis</strong></span> <span class='ocrx_word' id='word_1_55' title='bbox 1113 844 1184 904; x_wconf 87' lang='lat' dir='ltr'><strong>ego,</strong></span> 
     </span>
     <span class='ocr_line' id='line_1_8' title="bbox 150 905 1184 994; baseline 0 -22"><span class='ocrx_word' id='word_1_56' title='bbox 150 931 224 989; x_wconf 84' lang='lat' dir='ltr'><strong>quae</strong></span> <span class='ocrx_word' id='word_1_57' title='bbox 253 916 333 991; x_wconf 87' lang='lat' dir='ltr'><strong>virgo</strong></span> <span class='ocrx_word' id='word_1_58' title='bbox 366 931 442 988; x_wconf 91' lang='lat' dir='ltr'><strong>sum,</strong></span> <span class='ocrx_word' id='word_1_59' title='bbox 471 912 580 987; x_wconf 90' lang='lat' dir='ltr'><strong>viduis,</strong></span> <span class='ocrx_word' id='word_1_60' title='bbox 613 931 687 988; x_wconf 87' lang='lat' dir='ltr'><strong>quae</strong></span> <span class='ocrx_word' id='word_1_61' title='bbox 719 913 792 972; x_wconf 90' lang='lat' dir='ltr'><strong>filios</strong></span> <span class='ocrx_word' id='word_1_62' title='bbox 826 920 855 972; x_wconf 91' lang='lat' dir='ltr'><strong>et</strong></span> <span class='ocrx_word' id='word_1_63' title='bbox 886 905 959 974; x_wconf 84' lang='lat' dir='ltr'><strong>filias</strong></span> <span class='ocrx_word' id='word_1_64' title='bbox 986 911 1184 994; x_wconf 63' lang='lat' dir='ltr'><strong>genueruntb.</strong></span> 
     </span>
     <span class='ocr_line' id='line_1_9' title="bbox 149 999 1185 1078; baseline 0.001 -18"><span class='ocrx_word' id='word_1_65' title='bbox 149 999 296 1078; x_wconf 83' lang='lat' dir='ltr'><strong>Quantum</strong></span> <span class='ocrx_word' id='word_1_66' title='bbox 327 1007 424 1058; x_wconf 88' lang='lat' dir='ltr'><strong>tamen</strong></span> <span class='ocrx_word' id='word_1_67' title='bbox 455 999 519 1059; x_wconf 90' lang='lat' dir='ltr'><strong>Deo</strong></span> <span class='ocrx_word' id='word_1_68' title='bbox 552 1000 665 1060; x_wconf 90' lang='lat' dir='ltr'><strong>humilis</strong></span> <span class='ocrx_word' id='word_1_69' title='bbox 703 1003 851 1076; x_wconf 89' lang='lat' dir='ltr'><strong>virginitas</strong></span> <span class='ocrx_word' id='word_1_70' title='bbox 882 1000 1008 1076; x_wconf 89' lang='lat' dir='ltr'><strong>placeat,</strong></span> <span class='ocrx_word' id='word_1_71' title='bbox 1039 1007 1068 1062; x_wconf 89' lang='lat' dir='ltr'><strong>et</strong></span> <span class='ocrx_word' id='word_1_72' title='bbox 1097 1018 1185 1077; x_wconf 88' lang='lat' dir='ltr'><strong>quam</strong></span> 
     </span>
     <span class='ocr_line' id='line_1_10' title="bbox 149 1087 1183 1162; baseline 0 -16"><span class='ocrx_word' id='word_1_73' title='bbox 149 1087 265 1146; x_wconf 89' lang='lat' dir='ltr'><strong>mirifice</strong></span> <span class='ocrx_word' id='word_1_74' title='bbox 279 1104 332 1144; x_wconf 87' lang='lat' dir='ltr'><strong>sua</strong></span> <span class='ocrx_word' id='word_1_75' title='bbox 345 1087 399 1145; x_wconf 88' lang='lat' dir='ltr'><strong>iNis</strong></span> <span class='ocrx_word' id='word_1_76' title='bbox 412 1093 522 1146; x_wconf 90' lang='lat' dir='ltr'><strong>secreta</strong></span> <span class='ocrx_word' id='word_1_77' title='bbox 535 1087 650 1162; x_wconf 87' lang='lat' dir='ltr'><strong>revelet,</strong></span> <span class='ocrx_word' id='word_1_78' title='bbox 671 1091 821 1162; x_wconf 88' lang='lat' dir='ltr'><strong>sequentia</strong></span> <span class='ocrx_word' id='word_1_79' title='bbox 842 1087 966 1162; x_wconf 87' lang='lat' dir='ltr'><strong>capitula</strong></span> <span class='ocrx_word' id='word_1_80' title='bbox 988 1087 1183 1148; x_wconf 81' lang='lat' dir='ltr'><strong>declarabunt.</strong></span> 
     </span>
     <span class='ocr_line' id='line_1_11' title="bbox 148 1171 1183 1250; baseline -0.001 -16"><span class='ocrx_word' id='word_1_81' title='bbox 148 1171 349 1234; x_wconf 85' lang='lat' dir='ltr'><strong>NOVICIUS:</strong></span> <span class='ocrx_word' id='word_1_82' title='bbox 370 1173 489 1232; x_wconf 90' lang='lat' dir='ltr'><strong>Memini</strong></span> <span class='ocrx_word' id='word_1_83' title='bbox 510 1180 538 1232; x_wconf 88' lang='lat' dir='ltr'><strong>te</strong></span> <span class='ocrx_word' id='word_1_84' title='bbox 561 1177 690 1249; x_wconf 90' lang='lat' dir='ltr'><strong>superius</strong></span> <span class='ocrx_word' id='word_1_85' title='bbox 707 1174 824 1249; x_wconf 86' lang='lat' dir='ltr'><strong>dixisse,</strong></span> <span class='ocrx_word' id='word_1_86' title='bbox 845 1177 977 1232; x_wconf 88' lang='lat' dir='ltr'><strong>meritum</strong></span> <span class='ocrx_word' id='word_1_87' title='bbox 998 1176 1089 1250; x_wconf 77' lang='lat' dir='ltr'><strong>magIs</strong></span> <span class='ocrx_word' id='word_1_88' title='bbox 1112 1191 1183 1235; x_wconf 87' lang='lat' dir='ltr'><strong>con·</strong></span> 
     </span>
     <span class='ocr_line' id='line_1_12' title="bbox 150 1261 1184 1336; baseline 0 -16"><span class='ocrx_word' id='word_1_89' title='bbox 150 1261 299 1320; x_wconf 82' lang='lat' dir='ltr'><strong>sistarcia</strong></span> <span class='ocrx_word' id='word_1_90' title='bbox 330 1261 481 1318; x_wconf 83' lang='lat' dir='ltr'><strong>virnrtibus</strong></span> <span class='ocrx_word' id='word_1_91' title='bbox 512 1263 638 1335; x_wconf 90' lang='lat' dir='ltr'><strong>animae,</strong></span> <span class='ocrx_word' id='word_1_92' title='bbox 671 1278 758 1336; x_wconf 90' lang='lat' dir='ltr'><strong>quam</strong></span> <span class='ocrx_word' id='word_1_93' title='bbox 779 1263 807 1318; x_wconf 91' lang='lat' dir='ltr'><strong>in</strong></span> <span class='ocrx_word' id='word_1_94' title='bbox 830 1262 964 1335; x_wconf 89' lang='lat' dir='ltr'><strong>operibus</strong></span> <span class='ocrx_word' id='word_1_95' title='bbox 986 1263 1184 1321; x_wconf 87' lang='lat' dir='ltr'><strong>exterioribus.</strong></span> 
     </span>
     <span class='ocr_line' id='line_1_13' title="bbox 150 1346 1184 1424; baseline 0 -17"><span class='ocrx_word' id='word_1_96' title='bbox 150 1346 271 1422; x_wconf 87' lang='lat' dir='ltr'><strong>Ut&#39;quid</strong></span> <span class='ocrx_word' id='word_1_97' title='bbox 285 1364 353 1422; x_wconf 89' lang='lat' dir='ltr'><strong>crgo</strong></span> <span class='ocrx_word' id='word_1_98' title='bbox 376 1347 502 1422; x_wconf 90' lang='lat' dir='ltr'><strong>quotidie</strong></span> <span class='ocrx_word' id='word_1_99' title='bbox 518 1347 720 1407; x_wconf 88' lang='lat' dir='ltr'><strong>mortificamur</strong></span> <span class='ocrx_word' id='word_1_100' title='bbox 743 1347 858 1420; x_wconf 89' lang='lat' dir='ltr'><strong>orando,</strong></span> <span class='ocrx_word' id='word_1_101' title='bbox 879 1347 1009 1422; x_wconf 84' lang='lat' dir='ltr'><strong>legendo,</strong></span> <span class='ocrx_word' id='word_1_102' title='bbox 1030 1349 1184 1424; x_wconf 84' lang='lat' dir='ltr'><strong>vigilando,</strong></span> 
     </span>
     <span class='ocr_line' id='line_1_14' title="bbox 150 1433 1184 1509; baseline 0.002 -16"><span class='ocrx_word' id='word_1_103' title='bbox 150 1433 310 1507; x_wconf 88' lang='lat' dir='ltr'><strong>ieiunando,</strong></span> <span class='ocrx_word' id='word_1_104' title='bbox 332 1434 481 1509; x_wconf 89' lang='lat' dir='ltr'><strong>cantando,</strong></span> <span class='ocrx_word' id='word_1_105' title='bbox 504 1441 532 1492; x_wconf 88' lang='lat' dir='ltr'><strong>et</strong></span> <span class='ocrx_word' id='word_1_106' title='bbox 548 1435 680 1493; x_wconf 89' lang='lat' dir='ltr'><strong>manibus</strong></span> <span class='ocrx_word' id='word_1_107' title='bbox 701 1436 805 1493; x_wconf 88' lang='lat' dir='ltr'><strong>nostris</strong></span> <span class='ocrx_word' id='word_1_108' title='bbox 826 1433 1007 1493; x_wconf 81' lang='lat' dir='ltr'><strong>laborando?</strong></span> <span class='ocrx_word' id='word_1_109' title='bbox 1050 1433 1184 1494; x_wconf 81' lang='lat' dir='ltr'><strong>MONA·</strong></span> 
     </span>
     <span class='ocr_line' id='line_1_15' title="bbox 151 1519 1185 1598; baseline 0 -18"><span class='ocrx_word' id='word_1_110' title='bbox 151 1520 266 1580; x_wconf 82' lang='lat' dir='ltr'>CHUS:</span> <span class='ocrx_word' id='word_1_111' title='bbox 288 1520 371 1579; x_wconf 90' lang='lat' dir='ltr'><strong>Haec</strong></span> <span class='ocrx_word' id='word_1_112' title='bbox 393 1523 488 1579; x_wconf 89' lang='lat' dir='ltr'><strong>omnia</strong></span> <span class='ocrx_word' id='word_1_113' title='bbox 509 1523 569 1579; x_wconf 91' lang='lat' dir='ltr'><strong>sine</strong></span> <span class='ocrx_word' id='word_1_114' title='bbox 584 1523 690 1591; x_wconf 85' lang='lat' dir='ltr'><strong>merito</strong></span> <span class='ocrx_word' id='word_1_115' title='bbox 713 1523 790 1580; x_wconf 90' lang='lat' dir='ltr'><strong>vitae</strong></span> <span class='ocrx_word' id='word_1_116' title='bbox 812 1527 944 1580; x_wconf 89' lang='lat' dir='ltr'><strong>aeternae</strong></span> <span class='ocrx_word' id='word_1_117' title='bbox 966 1519 1027 1580; x_wconf 90' lang='lat' dir='ltr'><strong>ficri</strong></span> <span class='ocrx_word' id='word_1_118' title='bbox 1047 1527 1185 1598; x_wconf 69' lang='lat' dir='ltr'><strong>possunt,</strong></span> 
     </span>
     <span class='ocr_line' id='line_1_16' title="bbox 150 1607 1186 1682; baseline 0.001 -16"><span class='ocrx_word' id='word_1_119' title='bbox 150 1613 244 1666; x_wconf 90' lang='lat' dir='ltr'><strong>motus</strong></span> <span class='ocrx_word' id='word_1_120' title='bbox 272 1613 370 1666; x_wconf 90' lang='lat' dir='ltr'><strong>autem</strong></span> <span class='ocrx_word' id='word_1_121' title='bbox 397 1610 534 1666; x_wconf 87' lang='lat' dir='ltr'><strong>virtutum</strong></span> <span class='ocrx_word' id='word_1_122' title='bbox 562 1625 717 1682; x_wconf 92' lang='lat' dir='ltr'><strong>nunquam.</strong></span> <span class='ocrx_word' id='word_1_123' title='bbox 761 1607 905 1682; x_wconf 79' lang='lat' dir='ltr'><strong>Quicquid</strong></span> <span class='ocrx_word' id='word_1_124' title='bbox 933 1611 993 1668; x_wconf 88' lang='lat' dir='ltr'><strong>sine</strong></span> <span class='ocrx_word' id='word_1_125' title='bbox 1015 1610 1133 1667; x_wconf 63' lang='lat' dir='ltr'><strong>canate</strong></span> <span class='ocrx_word' id='word_1_126' title='bbox 1155 1613 1186 1667; x_wconf 85' lang='lat' dir='ltr'><strong>et</strong></span> 
     </span>
     <span class='ocr_line' id='line_1_17' title="bbox 151 1693 1185 1770; baseline -0.002 -16"><span class='ocrx_word' id='word_1_127' title='bbox 151 1696 251 1754; x_wconf 86' lang='lat' dir='ltr'><strong>ceteris</strong></span> <span class='ocrx_word' id='word_1_128' title='bbox 273 1695 425 1753; x_wconf 91' lang='lat' dir='ltr'><strong>virtutibus</strong></span> <span class='ocrx_word' id='word_1_129' title='bbox 447 1694 491 1768; x_wconf 92' lang='lat' dir='ltr'><strong>fit,</strong></span> <span class='ocrx_word' id='word_1_130' title='bbox 512 1701 656 1753; x_wconf 91' lang='lat' dir='ltr'><strong>mortuum</strong></span> <span class='ocrx_word' id='word_1_131' title='bbox 678 1702 729 1754; x_wconf 92' lang='lat' dir='ltr'><strong>est.</strong></span> <span class='ocrx_word' id='word_1_132' title='bbox 772 1693 850 1752; x_wconf 88' lang='lat' dir='ltr'><strong>Audi</strong></span> <span class='ocrx_word' id='word_1_133' title='bbox 872 1709 939 1770; x_wconf 88' lang='lat' dir='ltr'><strong>ergo</strong></span> <span class='ocrx_word' id='word_1_134' title='bbox 961 1693 1060 1752; x_wconf 90' lang='lat' dir='ltr'><strong>utilem</strong></span> <span class='ocrx_word' id='word_1_135' title='bbox 1082 1694 1185 1754; x_wconf 88' lang='lat' dir='ltr'><strong>distin-</strong></span> 
     </span>
     <span class='ocr_line' id='line_1_18' title="bbox 151 1773 1187 1860; baseline 0 -19"><span class='ocrx_word' id='word_1_136' title='bbox 151 1773 275 1841; x_wconf 86' lang='lat' dir='ltr'><strong>ctionem</strong></span> <span class='ocrx_word' id='word_1_137' title='bbox 296 1780 460 1857; x_wconf 85' lang='lat' dir='ltr'><strong>exRegulis</strong></span> <span class='ocrx_word' id='word_1_138' title='bbox 476 1781 658 1857; x_wconf 86' lang='lat' dir='ltr'><strong>Theologiac,</strong></span> <span class='ocrx_word' id='word_1_139' title='bbox 679 1777 854 1860; x_wconf 81' lang='lat' dir='ltr'><strong>perquam³)</strong></span> <span class='ocrx_word' id='word_1_140' title='bbox 878 1797 1050 1856; x_wconf 83' lang='lat' dir='ltr'><strong>cognoscere</strong></span> <span class='ocrx_word' id='word_1_141' title='bbox 1070 1781 1187 1856; x_wconf 87' lang='lat' dir='ltr'><strong>poteris,</strong></span> 
     </span>
     <span class='ocr_line' id='line_1_19' title="bbox 151 1867 1187 1944; baseline -0.001 -17"><span class='ocrx_word' id='word_1_142' title='bbox 151 1885 240 1944; x_wconf 90' lang='lat' dir='ltr'><strong>penes</strong></span> <span class='ocrx_word' id='word_1_143' title='bbox 262 1867 331 1943; x_wconf 89' lang='lat' dir='ltr'><strong>quid</strong></span> <span class='ocrx_word' id='word_1_144' title='bbox 350 1869 484 1926; x_wconf 91' lang='lat' dir='ltr'><strong>meritum</strong></span> <span class='ocrx_word' id='word_1_145' title='bbox 513 1871 658 1926; x_wconf 87' lang='lat' dir='ltr'><strong>consistat.</strong></span> <span class='ocrx_word' id='word_1_146' title='bbox 700 1867 835 1926; x_wconf 90' lang='lat' dir='ltr'><strong>Meritum</strong></span> <span class='ocrx_word' id='word_1_147' title='bbox 857 1885 925 1926; x_wconf 88' lang='lat' dir='ltr'><strong>vero</strong></span> <span class='ocrx_word' id='word_1_148' title='bbox 949 1869 1077 1926; x_wconf 88' lang='lat' dir='ltr'><strong>consistit</strong></span> <span class='ocrx_word' id='word_1_149' title='bbox 1097 1883 1187 1942; x_wconf 88' lang='lat' dir='ltr'><strong>penes</strong></span> 
     </span>
     <span class='ocr_line' id='line_1_20' title="bbox 151 1953 1187 2032; baseline -0.001 -19"><span class='ocrx_word' id='word_1_150' title='bbox 151 1956 273 2032; x_wconf 87' lang='lat' dir='ltr'><strong>gratiam</strong></span> <span class='ocrx_word' id='word_1_151' title='bbox 305 1953 468 2028; x_wconf 89' lang='lat' dir='ltr'><strong>efficaciter,</strong></span> <span class='ocrx_word' id='word_1_152' title='bbox 505 1971 593 2029; x_wconf 90' lang='lat' dir='ltr'><strong>penes</strong></span> <span class='ocrx_word' id='word_1_153' title='bbox 625 1953 745 2013; x_wconf 93' lang='lat' dir='ltr'><strong>liberum</strong></span> <span class='ocrx_word' id='word_1_154' title='bbox 777 1955 925 2012; x_wconf 85' lang='lat' dir='ltr'><strong>arbitrium</strong></span> <span class='ocrx_word' id='word_1_155' title='bbox 958 1954 1187 2029; x_wconf 86' lang='lat' dir='ltr'><strong>occasionaliter,</strong></span> 
     </span>
     <span class='ocr_line' id='line_1_21' title="bbox 151 2037 1187 2120; baseline -0.002 -19"><span class='ocrx_word' id='word_1_156' title='bbox 151 2058 240 2118; x_wconf 90' lang='lat' dir='ltr'><strong>penes</strong></span> <span class='ocrx_word' id='word_1_157' title='bbox 260 2043 380 2100; x_wconf 89' lang='lat' dir='ltr'><strong>vrrtutes</strong></span> <span class='ocrx_word' id='word_1_158' title='bbox 390 2039 551 2116; x_wconf 78' lang='lat' dir='ltr'><strong>formaliter,</strong></span> <span class='ocrx_word' id='word_1_159' title='bbox 572 2059 659 2116; x_wconf 91' lang='lat' dir='ltr'><strong>penes</strong></span> <span class='ocrx_word' id='word_1_160' title='bbox 681 2048 777 2100; x_wconf 88' lang='lat' dir='ltr'><strong>motus</strong></span> <span class='ocrx_word' id='word_1_161' title='bbox 798 2043 935 2100; x_wconf 87' lang='lat' dir='ltr'><strong>virtutum</strong></span> <span class='ocrx_word' id='word_1_162' title='bbox 957 2037 1187 2120; x_wconf 59' lang='lat' dir='ltr'><strong>assentaturi),</strong></span> 
     </span>
    </p>
   </div>
   <div class='ocr_carea' id='block_1_3' title="bbox 61 2127 1187 2214">
    <p class='ocr_par' dir='ltr' id='par_1_3' title="bbox 61 2127 1187 2214">
     <span class='ocr_line' id='line_1_22' title="bbox 61 2127 1187 2214; baseline -0.001 -26"><span class='ocrx_word' id='word_1_163' title='bbox 61 2157 67 2165; x_wconf 95' lang='lat'>·</span> <span class='ocrx_word' id='word_1_164' title='bbox 152 2145 241 2204; x_wconf 91' lang='lat' dir='ltr'><strong>penes</strong></span> <span class='ocrx_word' id='word_1_165' title='bbox 258 2145 345 2214; x_wconf 88' lang='lat' dir='ltr'><strong>opera</strong></span> <span class='ocrx_word' id='word_1_166' title='bbox 358 2129 503 2201; x_wconf 90' lang='lat' dir='ltr'><strong>virtutum,</strong></span> <span class='ocrx_word' id='word_1_167' title='bbox 524 2133 556 2186; x_wconf 92' lang='lat' dir='ltr'><strong>ut</strong></span> <span class='ocrx_word' id='word_1_168' title='bbox 578 2134 622 2186; x_wconf 89' lang='lat' dir='ltr'><strong>est</strong></span> <span class='ocrx_word' id='word_1_169' title='bbox 643 2131 732 2186; x_wconf 88' lang='lat' dir='ltr'><strong>oratio</strong></span> <span class='ocrx_word' id='word_1_170' title='bbox 755 2134 784 2186; x_wconf 88' lang='lat' dir='ltr'><strong>et</strong></span> <span class='ocrx_word' id='word_1_171' title='bbox 804 2127 913 2202; x_wconf 86' lang='lat' dir='ltr'><strong>reliqua</strong></span> <span class='ocrx_word' id='word_1_172' title='bbox 926 2127 1013 2202; x_wconf 91' lang='lat' dir='ltr'><strong>paulo</strong></span> <span class='ocrx_word' id='word_1_173' title='bbox 1028 2134 1095 2186; x_wconf 90' lang='lat' dir='ltr'><strong>ante</strong></span> <span class='ocrx_word' id='word_1_174' title='bbox 1117 2145 1135 2186; x_wconf 89' lang='lat' dir='ltr'><strong>a</strong></span> <span class='ocrx_word' id='word_1_175' title='bbox 1157 2133 1187 2188; x_wconf 90' lang='lat' dir='ltr'><strong>te</strong></span> 
     </span>
    </p>
   </div>
   <div class='ocr_carea' id='block_1_4' title="bbox 151 2209 1192 2638">
    <p class='ocr_par' dir='ltr' id='par_1_4' title="bbox 151 2209 1192 2638">
     <span class='ocr_line' id='line_1_23' title="bbox 153 2209 1192 2288; baseline -0.004 -12"><span class='ocrx_word' id='word_1_176' title='bbox 153 2221 332 2288; x_wconf 88' lang='lat' dir='ltr'><strong>enumerata,</strong></span> <span class='ocrx_word' id='word_1_177' title='bbox 363 2213 619 2272; x_wconf 89' lang='lat' dir='ltr'><strong>instrumentaliter.</strong></span> <span class='ocrx_word' id='word_1_178' title='bbox 662 2214 779 2274; x_wconf 89' lang='lat' dir='ltr'><strong>Plenius</strong></span> <span class='ocrx_word' id='word_1_179' title='bbox 808 2215 860 2274; x_wconf 91' lang='lat' dir='ltr'><strong>tibi</strong></span> <span class='ocrx_word' id='word_1_180' title='bbox 880 2214 954 2273; x_wconf 91' lang='lat' dir='ltr'><strong>banc</strong></span> <span class='ocrx_word' id='word_1_181' title='bbox 977 2209 1192 2272; x_wconf 86' lang='lat' dir='ltr'><strong>distinctionem</strong></span> 
     </span>
     <span class='ocr_line' id='line_1_24' title="bbox 153 2298 1188 2380; baseline -0.002 -18"><span class='ocrx_word' id='word_1_182' title='bbox 153 2319 337 2377; x_wconf 85' lang='lat' dir='ltr'><strong>exponerem,</strong></span> <span class='ocrx_word' id='word_1_183' title='bbox 370 2303 394 2358; x_wconf 92' lang='lat' dir='ltr'><strong>si</strong></span> <span class='ocrx_word' id='word_1_184' title='bbox 419 2311 479 2359; x_wconf 90' lang='lat' dir='ltr'><strong>non</strong></span> <span class='ocrx_word' id='word_1_185' title='bbox 508 2300 544 2359; x_wconf 91' lang='lat' dir='ltr'><strong>ad</strong></span> <span class='ocrx_word' id='word_1_186' title='bbox 574 2317 623 2359; x_wconf 91' lang='lat' dir='ltr'><strong>eas</strong></span> <span class='ocrx_word' id='word_1_187' title='bbox 633 2298 652 2380; x_wconf 85' lang='lat'><strong>⁵)</strong></span> <span class='ocrx_word' id='word_1_188' title='bbox 685 2319 759 2376; x_wconf 88' lang='lat' dir='ltr'><strong>quae</strong></span> <span class='ocrx_word' id='word_1_189' title='bbox 791 2301 886 2360; x_wconf 90' lang='lat' dir='ltr'><strong>adbuc</strong></span> <span class='ocrx_word' id='word_1_190' title='bbox 918 2307 1070 2376; x_wconf 84' lang='lat' dir='ltr'><strong>supersunt</strong></span> <span class='ocrx_word' id='word_1_191' title='bbox 1101 2301 1188 2360; x_wconf 89' lang='lat' dir='ltr'><strong>huius</strong></span> 
     </span>
     <span class='ocr_line' id='line_1_25' title="bbox 152 2387 1187 2464; baseline 0 -17"><span class='ocrx_word' id='word_1_192' title='bbox 152 2390 228 2462; x_wconf 85' lang='lat' dir='ltr'><strong>beati</strong></span> <span class='ocrx_word' id='word_1_193' title='bbox 250 2390 304 2446; x_wconf 91' lang='lat' dir='ltr'><strong>viri</strong></span> <span class='ocrx_word' id='word_1_194' title='bbox 325 2389 449 2446; x_wconf 86' lang='lat' dir='ltr'><strong>visiones</strong></span> <span class='ocrx_word' id='word_1_195' title='bbox 466 2387 638 2446; x_wconf 90' lang='lat' dir='ltr'><strong>festinarem.</strong></span> <span class='ocrx_word' id='word_1_196' title='bbox 661 2421 702 2430; x_wconf 86' lang='lat'>-</span> <span class='ocrx_word' id='word_1_197' title='bbox 726 2387 858 2463; x_wconf 86' lang='lat' dir='ltr'><strong>Quodam</strong></span> <span class='ocrx_word' id='word_1_198' title='bbox 880 2393 1007 2463; x_wconf 81' lang='lat' dir='ltr'><strong>tempore</strong></span> <span class='ocrx_word' id='word_1_199' title='bbox 1029 2405 1094 2446; x_wconf 90' lang='lat' dir='ltr'><strong>cum</strong></span> <span class='ocrx_word' id='word_1_200' title='bbox 1116 2406 1187 2464; x_wconf 89' lang='lat' dir='ltr'><strong>gra·</strong></span> 
     </span>
     <span class='ocr_line' id='line_1_26' title="bbox 151 2473 1187 2550; baseline 0.001 -17"><span class='ocrx_word' id='word_1_201' title='bbox 151 2477 224 2533; x_wconf 88' lang='lat' dir='ltr'><strong>viter</strong></span> <span class='ocrx_word' id='word_1_202' title='bbox 244 2473 445 2548; x_wconf 88' lang='lat' dir='ltr'><strong>infirmaretur,</strong></span> <span class='ocrx_word' id='word_1_203' title='bbox 474 2480 502 2532; x_wconf 87' lang='lat' dir='ltr'><strong>et</strong></span> <span class='ocrx_word' id='word_1_204' title='bbox 523 2492 541 2533; x_wconf 89' lang='lat' dir='ltr'><strong>a</strong></span> <span class='ocrx_word' id='word_1_205' title='bbox 562 2477 690 2534; x_wconf 86' lang='lat' dir='ltr'><strong>ministro</strong></span> <span class='ocrx_word' id='word_1_206' title='bbox 712 2481 744 2550; x_wconf 79' lang='lat' dir='ltr'><strong>ut</strong></span> <span class='ocrx_word' id='word_1_207' title='bbox 765 2474 967 2549; x_wconf 85' lang='lat' dir='ltr'><strong>aliquantisper</strong></span> <span class='ocrx_word' id='word_1_208' title='bbox 988 2481 1116 2550; x_wconf 86' lang='lat' dir='ltr'><strong>gustaret</strong></span> <span class='ocrx_word' id='word_1_209' title='bbox 1136 2492 1187 2534; x_wconf 89' lang='lat' dir='ltr'><strong>ro·</strong></span> 
     </span>
     <span class='ocr_line' id='line_1_27' title="bbox 151 2560 1188 2638; baseline 0 -18"><span class='ocrx_word' id='word_1_210' title='bbox 151 2567 274 2638; x_wconf 77' lang='lat' dir='ltr'><strong>geretur,</strong></span> <span class='ocrx_word' id='word_1_211' title='bbox 296 2560 365 2618; x_wconf 91' lang='lat' dir='ltr'><strong>dixit</strong></span> <span class='ocrx_word' id='word_1_212' title='bbox 386 2560 464 2634; x_wconf 91' lang='lat' dir='ltr'><strong>quod</strong></span> <span class='ocrx_word' id='word_1_213' title='bbox 485 2567 594 2636; x_wconf 89' lang='lat' dir='ltr'><strong>septem</strong></span> <span class='ocrx_word' id='word_1_214' title='bbox 616 2561 676 2620; x_wconf 90' lang='lat' dir='ltr'><strong>dies</strong></span> <span class='ocrx_word' id='word_1_215' title='bbox 698 2564 872 2635; x_wconf 89' lang='lat' dir='ltr'><strong>transissent,</strong></span> <span class='ocrx_word' id='word_1_216' title='bbox 892 2563 921 2618; x_wconf 94' lang='lat' dir='ltr'><strong>in</strong></span> <span class='ocrx_word' id='word_1_217' title='bbox 943 2562 1046 2636; x_wconf 91' lang='lat' dir='ltr'><strong>quibus</strong></span> <span class='ocrx_word' id='word_1_218' title='bbox 1068 2561 1188 2637; x_wconf 86' lang='lat' dir='ltr'><strong>singulis</strong></span> 
     </span>
    </p>
   </div>
   <div class='ocr_carea' id='block_1_5' title="bbox 151 2646 1297 2723">
    <p class='ocr_par' dir='ltr' id='par_1_5' title="bbox 151 2646 1297 2723">
     <span class='ocr_line' id='line_1_28' title="bbox 151 2646 1297 2723; baseline 0 -16"><span class='ocrx_word' id='word_1_219' title='bbox 151 2649 341 2708; x_wconf 83' lang='lat' dir='ltr'><strong>visitationem</strong></span> <span class='ocrx_word' id='word_1_220' title='bbox 358 2646 475 2705; x_wconf 91' lang='lat' dir='ltr'><strong>Domini</strong></span> <span class='ocrx_word' id='word_1_221' title='bbox 495 2651 583 2706; x_wconf 90' lang='lat' dir='ltr'><strong>nostri</strong></span> <span class='ocrx_word' id='word_1_222' title='bbox 604 2655 632 2706; x_wconf 91' lang='lat' dir='ltr'><strong>et</strong></span> <span class='ocrx_word' id='word_1_223' title='bbox 654 2647 832 2706; x_wconf 89' lang='lat' dir='ltr'><strong>dulcissimae</strong></span> <span class='ocrx_word' id='word_1_224' title='bbox 854 2651 952 2706; x_wconf 88' lang='lat' dir='ltr'><strong>matris</strong></span> <span class='ocrx_word' id='word_1_225' title='bbox 974 2651 1033 2706; x_wconf 88' lang='lat' dir='ltr'><strong>eius</strong></span> <span class='ocrx_word' id='word_1_226' title='bbox 1054 2651 1188 2723; x_wconf 88' lang='lat' dir='ltr'><strong>accepis·</strong></span> <span class='ocrx_word' id='word_1_227' title='bbox 1296 2669 1297 2680; x_wconf 53' lang='grc' dir='ltr'><strong>ι</strong></span> 
     </span>
    </p>
   </div>
   <div class='ocr_carea' id='block_1_6' title="bbox 151 2730 1189 2836">
    <p class='ocr_par' dir='ltr' id='par_1_6' title="bbox 151 2730 1189 2836">
     <span class='ocr_line' id='line_1_29' title="bbox 151 2730 1189 2836; baseline -0.001 -41"><span class='ocrx_word' id='word_1_228' title='bbox 151 2743 204 2810; x_wconf 83' lang='lat' dir='ltr'><strong>set,</strong></span> <span class='ocrx_word' id='word_1_229' title='bbox 226 2733 261 2794; x_wconf 89' lang='lat' dir='ltr'><strong>de</strong></span> <span class='ocrx_word' id='word_1_230' title='bbox 283 2751 404 2809; x_wconf 89' lang='lat' dir='ltr'><strong>quorum</strong></span> <span class='ocrx_word' id='word_1_231' title='bbox 424 2735 585 2836; x_wconf 80' lang='lat' dir='ltr'><strong>visitatione</strong></span> <span class='ocrx_word' id='word_1_232' title='bbox 606 2741 666 2792; x_wconf 86' lang='lat' dir='ltr'><strong>tam</strong></span> <span class='ocrx_word' id='word_1_233' title='bbox 688 2733 808 2793; x_wconf 91' lang='lat' dir='ltr'><strong>dulciter</strong></span> <span class='ocrx_word' id='word_1_234' title='bbox 830 2741 905 2793; x_wconf 90' lang='lat' dir='ltr'><strong>esset</strong></span> <span class='ocrx_word' id='word_1_235' title='bbox 925 2730 1086 2814; x_wconf 81' lang='lat' dir='ltr'><strong>affectus⁶),</strong></span> <span class='ocrx_word' id='word_1_236' title='bbox 1109 2735 1189 2810; x_wconf 90' lang='lat' dir='ltr'><strong>quod</strong></span> 
     </span>
    </p>
   </div>
   <div class='ocr_carea' id='block_1_7' title="bbox 159 2866 1191 3700">
    <p class='ocr_par' dir='ltr' id='par_1_7' title="bbox 159 2866 1191 3700">
     <span class='ocr_line' id='line_1_30' title="bbox 220 2866 1190 2936; baseline 0.001 -17"><span class='ocrx_word' id='word_1_237' title='bbox 220 2868 402 2932; x_wconf 85' lang='lat' dir='ltr'><strong>demonstrans,</strong></span> <span class='ocrx_word' id='word_1_238' title='bbox 420 2883 485 2936; x_wconf 88' lang='lat' dir='ltr'><strong>quae</strong></span> <span class='ocrx_word' id='word_1_239' title='bbox 498 2867 582 2918; x_wconf 88' lang='lat' dir='ltr'><strong>multis</strong></span> <span class='ocrx_word' id='word_1_240' title='bbox 600 2869 671 2918; x_wconf 86' lang='lat' dir='ltr'><strong>annis</strong></span> <span class='ocrx_word' id='word_1_241' title='bbox 690 2867 761 2918; x_wconf 87' lang='lat' dir='ltr'><strong>luit&#39;</strong></span> <span class='ocrx_word' id='word_1_242' title='bbox 754 2884 780 2919; x_wconf 91' lang='grc' dir='ltr'><strong>ιιι</strong></span> <span class='ocrx_word' id='word_1_243' title='bbox 798 2866 907 2931; x_wconf 88' lang='lat' dir='ltr'><strong>saeculo,</strong></span> <span class='ocrx_word' id='word_1_244' title='bbox 925 2867 1014 2919; x_wconf 89' lang='lat' dir='ltr'><strong>multas</strong></span> <span class='ocrx_word' id='word_1_245' title='bbox 1032 2867 1190 2921; x_wconf 87' lang='lat' dir='ltr'><strong>consolatio·</strong></span> 
     </span>
     <span class='ocr_line' id='line_1_31' title="bbox 220 2937 1189 3006; baseline 0.003 -18"><span class='ocrx_word' id='word_1_246' title='bbox 220 2954 274 3001; x_wconf 87' lang='lat' dir='ltr'><strong>nes,</strong></span> <span class='ocrx_word' id='word_1_247' title='bbox 291 2937 459 2990; x_wconf 86' lang='lat' dir='ltr'><strong>revelationes</strong></span> <span class='ocrx_word' id='word_1_248' title='bbox 476 2940 573 3004; x_wconf 85' lang='lat' dir='ltr'><strong>accepit</strong></span> <span class='ocrx_word' id='word_1_249' title='bbox 590 2953 605 2987; x_wconf 89' lang='lat' dir='ltr'><strong>a</strong></span> <span class='ocrx_word' id='word_1_250' title='bbox 624 2937 737 2988; x_wconf 88' lang='lat' dir='ltr'><strong>llomino</strong></span> <span class='ocrx_word' id='word_1_251' title='bbox 772 2937 823 2988; x_wconf 89' lang='lat' dir='ltr'><strong>Nos</strong></span> <span class='ocrx_word' id='word_1_252' title='bbox 841 2953 902 2989; x_wconf 89' lang='lat' dir='ltr'><strong>vcro</strong></span> <span class='ocrx_word' id='word_1_253' title='bbox 921 2939 1045 3005; x_wconf 87' lang='lat' dir='ltr'><strong>virgines,</strong></span> <span class='ocrx_word' id='word_1_254' title='bbox 1071 2953 1138 3006; x_wconf 86' lang='lat' dir='ltr'><strong>quae</strong></span> <span class='ocrx_word' id='word_1_255' title='bbox 1156 2939 1189 2991; x_wconf 86' lang='lat' dir='ltr'><strong>ab</strong></span> 
     </span>
     <span class='ocr_line' id='line_1_32' title="bbox 159 3005 1190 3070; baseline 0.002 -12"><span class='ocrx_word' id='word_1_256' title='bbox 159 3040 163 3048; x_wconf 55' lang='grc' dir='ltr'>ι</span> <span class='ocrx_word' id='word_1_257' title='bbox 218 3008 367 3059; x_wconf 85' lang='lat' dir='ltr'><strong>infantiam</strong></span> <span class='ocrx_word' id='word_1_258' title='bbox 384 3011 535 3060; x_wconf 79' lang='lat' dir='ltr'><strong>monasterio</strong></span> <span class='ocrx_word' id='word_1_259' title='bbox 547 3016 711 3060; x_wconf 85' lang='lat' dir='ltr'><strong>conversatae</strong></span> <span class='ocrx_word' id='word_1_260' title='bbox 729 3023 823 3070; x_wconf 87' lang='lat' dir='ltr'><strong>sumus,</strong></span> <span class='ocrx_word' id='word_1_261' title='bbox 840 3007 875 3058; x_wconf 90' lang='lat' dir='ltr'><strong>nil</strong></span> <span class='ocrx_word' id='word_1_262' title='bbox 892 3006 943 3058; x_wconf 86' lang='lat' dir='ltr'><strong>tale</strong></span> <span class='ocrx_word' id='word_1_263' title='bbox 959 3009 1087 3058; x_wconf 87' lang='lat' dir='ltr'><strong>sentimus.</strong></span> <span class='ocrx_word' id='word_1_264' title='bbox 1114 3005 1190 3060; x_wconf 87' lang='lat' dir='ltr'><strong>Unde</strong></span> 
     </span>
     <span class='ocr_line' id='line_1_33' title="bbox 219 3072 1191 3146; baseline 0 -18"><span class='ocrx_word' id='word_1_265' title='bbox 219 3076 269 3128; x_wconf 88' lang='lat' dir='ltr'><strong>tale</strong></span> <span class='ocrx_word' id='word_1_266' title='bbox 287 3072 392 3130; x_wconf 89' lang='lat' dir='ltr'><strong>verbum</strong></span> <span class='ocrx_word' id='word_1_267' title='bbox 410 3079 509 3146; x_wconf 83' lang='lat' dir='ltr'><strong>virgini,</strong></span> <span class='ocrx_word' id='word_1_268' title='bbox 526 3079 573 3128; x_wconf 79' lang='lat' dir='ltr'><strong>nisi</strong></span> <span class='ocrx_word' id='word_1_269' title='bbox 592 3093 623 3127; x_wconf 90' lang='lat' dir='ltr'><strong>ex</strong></span> <span class='ocrx_word' id='word_1_270' title='bbox 641 3077 774 3143; x_wconf 85' lang='lat' dir='ltr'><strong>supercilio</strong></span> <span class='ocrx_word' id='word_1_271' title='bbox 792 3075 1004 3129; x_wconf 85' lang='lat' dir='ltr'><strong>Pharisaei?“-</strong></span> <span class='ocrx_word' id='word_1_272' title='bbox 1024 3077 1084 3142; x_wconf 84' lang='lat' dir='ltr'><strong>1)ss</strong></span> <span class='ocrx_word' id='word_1_273' title='bbox 1103 3077 1191 3129; x_wconf 84' lang='lat' dir='ltr'><strong>alte-</strong></span> 
     </span>
     <span class='ocr_line' id='line_1_34' title="bbox 219 3145 1191 3214; baseline 0 -16"><span class='ocrx_word' id='word_1_274' title='bbox 219 3149 287 3198; x_wconf 88' lang='lat' dir='ltr'><strong>rius</strong></span> <span class='ocrx_word' id='word_1_275' title='bbox 306 3147 520 3198; x_wconf 77' lang='lat' dir='ltr'><strong>cuiusdam—</strong></span> <span class='ocrx_word' id='word_1_276' title='bbox 533 3147 564 3214; x_wconf 84' lang='lat'><strong>2)</strong></span> <span class='ocrx_word' id='word_1_277' title='bbox 577 3147 665 3198; x_wconf 85' lang='lat' dir='ltr'><strong>Nomrl</strong></span> <span class='ocrx_word' id='word_1_278' title='bbox 685 3147 713 3197; x_wconf 94' lang='lat' dir='ltr'><strong>ll.</strong></span> <span class='ocrx_word' id='word_1_279' title='bbox 726 3163 750 3212; x_wconf 93' lang='lat' dir='ltr'><strong>p.</strong></span> <span class='ocrx_word' id='word_1_280' title='bbox 764 3147 809 3200; x_wconf 84' lang='lat'><strong>33:</strong></span> <span class='ocrx_word' id='word_1_281' title='bbox 830 3147 949 3211; x_wconf 87' lang='lat' dir='ltr'><strong>Nonest</strong></span> <span class='ocrx_word' id='word_1_282' title='bbox 961 3145 1014 3207; x_wconf 89' lang='lat' dir='ltr'><strong>dru</strong></span> <span class='ocrx_word' id='word_1_283' title='bbox 1026 3145 1094 3214; x_wconf 92' lang='lat' dir='ltr'><strong>quod</strong></span> <span class='ocrx_word' id='word_1_284' title='bbox 1107 3162 1191 3214; x_wconf 87' lang='lat' dir='ltr'><strong>qnae-</strong></span> 
     </span>
     <span class='ocr_line' id='line_1_35' title="bbox 219 3215 1191 3284; baseline 0.002 -18"><span class='ocrx_word' id='word_1_285' title='bbox 219 3216 276 3266; x_wconf 88' lang='lat' dir='ltr'><strong>dam</strong></span> <span class='ocrx_word' id='word_1_286' title='bbox 295 3216 487 3268; x_wconf 87' lang='lat' dir='ltr'><strong>sanctimonialis</strong></span> <span class='ocrx_word' id='word_1_287' title='bbox 498 3215 591 3267; x_wconf 89' lang='lat' dir='ltr'><strong>ordinis</strong></span> <span class='ocrx_word' id='word_1_288' title='bbox 609 3218 690 3272; x_wconf 86' lang='lat' dir='ltr'><strong>nostri</strong></span> <span class='ocrx_word' id='word_1_289' title='bbox 707 3215 848 3268; x_wconf 88' lang='lat' dir='ltr'><strong>huiusmodi</strong></span> <span class='ocrx_word' id='word_1_290' title='bbox 866 3215 1059 3284; x_wconf 84' lang='lat' dir='ltr'><strong>cogitationibus</strong></span> <span class='ocrx_word' id='word_1_291' title='bbox 1078 3215 1191 3282; x_wconf 84' lang='lat' dir='ltr'><strong>pulsatu,</strong></span> 
     </span>
     <span class='ocr_line' id='line_1_36' title="bbox 219 3285 1190 3353; baseline 0.003 -17"><span class='ocrx_word' id='word_1_292' title='bbox 219 3285 358 3336; x_wconf 75' lang='lat' dir='ltr'><strong>confessori</strong></span> <span class='ocrx_word' id='word_1_293' title='bbox 376 3303 420 3337; x_wconf 90' lang='lat' dir='ltr'><strong>suc</strong></span> <span class='ocrx_word' id='word_1_294' title='bbox 439 3285 530 3338; x_wconf 91' lang='lat' dir='ltr'><strong>dixisse</strong></span> <span class='ocrx_word' id='word_1_295' title='bbox 548 3287 640 3338; x_wconf 82' lang='lat' dir='ltr'><strong>fertur.</strong></span> <span class='ocrx_word' id='word_1_296' title='bbox 659 3285 849 3350; x_wconf 87' lang='lat' dir='ltr'><strong>Bonedomine,</strong></span> <span class='ocrx_word' id='word_1_297' title='bbox 866 3295 937 3336; x_wconf 86' lang='lat' dir='ltr'><strong>estne</strong></span> <span class='ocrx_word' id='word_1_298' title='bbox 951 3285 1026 3337; x_wconf 87' lang='lat' dir='ltr'><strong>vidua</strong></span> <span class='ocrx_word' id='word_1_299' title='bbox 1044 3301 1103 3348; x_wconf 89' lang='lat' dir='ltr'><strong>una,</strong></span> <span class='ocrx_word' id='word_1_300' title='bbox 1120 3301 1190 3353; x_wconf 85' lang='lat' dir='ltr'><strong>qnae</strong></span> 
     </span>
     <span class='ocr_line' id='line_1_37' title="bbox 219 3353 1191 3422; baseline 0.001 -16"><span class='ocrx_word' id='word_1_301' title='bbox 219 3356 284 3406; x_wconf 86' lang='lat' dir='ltr'><strong>forts</strong></span> <span class='ocrx_word' id='word_1_302' title='bbox 303 3364 354 3405; x_wconf 88' lang='lat' dir='ltr'><strong>tres</strong></span> <span class='ocrx_word' id='word_1_303' title='bbox 371 3355 412 3406; x_wconf 92' lang='lat' dir='ltr'><strong>vel</strong></span> <span class='ocrx_word' id='word_1_304' title='bbox 431 3365 538 3422; x_wconf 87' lang='lat' dir='ltr'><strong>quatuor</strong></span> <span class='ocrx_word' id='word_1_305' title='bbox 554 3355 647 3407; x_wconf 87' lang='lat' dir='ltr'><strong>liberos</strong></span> <span class='ocrx_word' id='word_1_306' title='bbox 665 3357 775 3422; x_wconf 85' lang='lat' dir='ltr'><strong>gennit&#39;</strong></span> <span class='ocrx_word' id='word_1_307' title='bbox 769 3373 794 3406; x_wconf 90' lang='grc' dir='ltr'><strong>ιιι</strong></span> <span class='ocrx_word' id='word_1_308' title='bbox 813 3356 928 3419; x_wconf 88' lang='lat' dir='ltr'><strong>saeculo,</strong></span> <span class='ocrx_word' id='word_1_309' title='bbox 954 3363 980 3406; x_wconf 88' lang='lat' dir='ltr'><strong>et</strong></span> <span class='ocrx_word' id='word_1_310' title='bbox 998 3353 1096 3406; x_wconf 89' lang='lat' dir='ltr'><strong>modico</strong></span> <span class='ocrx_word' id='word_1_311' title='bbox 1118 3364 1191 3407; x_wconf 89' lang='lat' dir='ltr'><strong>tem-</strong></span> 
     </span>
     <span class='ocr_line' id='line_1_38' title="bbox 219 3423 1190 3492; baseline 0.002 -16"><span class='ocrx_word' id='word_1_312' title='bbox 219 3440 281 3492; x_wconf 88' lang='lat' dir='ltr'><strong>pore</strong></span> <span class='ocrx_word' id='word_1_313' title='bbox 293 3423 439 3478; x_wconf 89' lang='lat' dir='ltr'><strong>laboravit</strong></span> <span class='ocrx_word' id='word_1_314' title='bbox 433 3442 459 3475; x_wconf 90' lang='grc' dir='ltr'><strong>ιιι</strong></span> <span class='ocrx_word' id='word_1_315' title='bbox 496 3428 631 3489; x_wconf 89' lang='lat' dir='ltr'><strong>onasterio,</strong></span> <span class='ocrx_word' id='word_1_316' title='bbox 646 3426 708 3475; x_wconf 89' lang='lat' dir='ltr'><strong>mihi</strong></span> <span class='ocrx_word' id='word_1_317' title='bbox 720 3424 913 3492; x_wconf 84' lang='lat' dir='ltr'><strong>aequiparanda,</strong></span> <span class='ocrx_word' id='word_1_318' title='bbox 932 3441 996 3492; x_wconf 88' lang='lat' dir='ltr'><strong>qnae</strong></span> <span class='ocrx_word' id='word_1_319' title='bbox 1011 3427 1081 3492; x_wconf 86' lang='lat' dir='ltr'><strong>virgo</strong></span> <span class='ocrx_word' id='word_1_320' title='bbox 1094 3428 1190 3478; x_wconf 89' lang='lat' dir='ltr'><strong>intravi</strong></span> 
     </span>
     <span class='ocr_line' id='line_1_39' title="bbox 219 3441 1189 3562; baseline 0.002 -16"><span class='ocrx_word' id='word_1_321' title='bbox 219 3504 245 3546; x_wconf 86' lang='lat' dir='ltr'><strong>et</strong></span> <span class='ocrx_word' id='word_1_322' title='bbox 263 3493 294 3544; x_wconf 90' lang='lat' dir='ltr'><strong>ab</strong></span> <span class='ocrx_word' id='word_1_323' title='bbox 307 3497 409 3546; x_wconf 88' lang='lat' dir='ltr'><strong>ineunte</strong></span> <span class='ocrx_word' id='word_1_324' title='bbox 421 3441 511 3545; x_wconf 43' lang='lat' dir='ltr'><strong>actusve⁰</strong></span> <span class='ocrx_word' id='word_1_325' title='bbox 517 3494 621 3546; x_wconf 87' lang='lat' dir='ltr'><strong>Domino</strong></span> <span class='ocrx_word' id='word_1_326' title='bbox 634 3494 764 3546; x_wconf 85' lang='lat' dir='ltr'><strong>servivi?“</strong></span> <span class='ocrx_word' id='word_1_327' title='bbox 777 3525 808 3534; x_wconf 88' lang='lat'><em>-</em></span> <span class='ocrx_word' id='word_1_328' title='bbox 819 3496 850 3561; x_wconf 82' lang='lat'><strong>3)</strong></span> <span class='ocrx_word' id='word_1_329' title='bbox 864 3495 883 3546; x_wconf 89' lang='grc' dir='ltr'>Β</span> <span class='ocrx_word' id='word_1_330' title='bbox 902 3495 1036 3562; x_wconf 90' lang='lat' dir='ltr'><strong>quod.</strong></span> <span class='ocrx_word' id='word_1_331' title='bbox 1050 3495 1082 3560; x_wconf 87' lang='grc'><strong>4)</strong></span> <span class='ocrx_word' id='word_1_332' title='bbox 1095 3495 1189 3548; x_wconf 82' lang='lat' dir='ltr'><strong>Hamil.</strong></span> 
     </span>
     <span class='ocr_line' id='line_1_40' title="bbox 219 3555 1189 3630; baseline 0.001 -14"><span class='ocrx_word' id='word_1_333' title='bbox 219 3564 248 3616; x_wconf 92' lang='lat'><strong>11.</strong></span> <span class='ocrx_word' id='word_1_334' title='bbox 266 3580 291 3630; x_wconf 92' lang='lat' dir='ltr'><strong>p.</strong></span> <span class='ocrx_word' id='word_1_335' title='bbox 311 3564 356 3616; x_wconf 85' lang='lat'><strong>35:</strong></span> <span class='ocrx_word' id='word_1_336' title='bbox 382 3555 476 3630; x_wconf 92' lang='lat' dir='ltr'><strong>„Non</strong></span> <span class='ocrx_word' id='word_1_337' title='bbox 470 3565 530 3630; x_wconf 88' lang='lat' dir='ltr'><strong>rpsis</strong></span> <span class='ocrx_word' id='word_1_338' title='bbox 554 3564 688 3614; x_wconf 88' lang='lat' dir='ltr'><strong>virtutibus</strong></span> <span class='ocrx_word' id='word_1_339' title='bbox 706 3579 842 3628; x_wconf 87' lang='lat' dir='ltr'><strong>meremur,</strong></span> <span class='ocrx_word' id='word_1_340' title='bbox 867 3563 911 3616; x_wconf 92' lang='lat' dir='ltr'><strong>sed</strong></span> <span class='ocrx_word' id='word_1_341' title='bbox 929 3563 1037 3616; x_wconf 82' lang='lat' dir='ltr'><strong>moribus</strong></span> <span class='ocrx_word' id='word_1_342' title='bbox 1055 3565 1189 3617; x_wconf 88' lang='lat' dir='ltr'><strong>virtutum.</strong></span> 
     </span>
     <span class='ocr_line' id='line_1_41' title="bbox 219 3634 1190 3700; baseline 0 -14"><span class='ocrx_word' id='word_1_343' title='bbox 219 3634 280 3686; x_wconf 84' lang='lat' dir='ltr'><strong>Cum</strong></span> <span class='ocrx_word' id='word_1_344' title='bbox 293 3635 408 3684; x_wconf 90' lang='lat' dir='ltr'><strong>meritum</strong></span> <span class='ocrx_word' id='word_1_345' title='bbox 422 3649 499 3700; x_wconf 87' lang='lat' dir='ltr'><strong>penes</strong></span> <span class='ocrx_word' id='word_1_346' title='bbox 511 3635 642 3684; x_wconf 85' lang='lat' dir='ltr'><strong>virtutem</strong></span> <span class='ocrx_word' id='word_1_347' title='bbox 649 3635 680 3682; x_wconf 91' lang='lat' dir='ltr'><strong>sit</strong></span> <span class='ocrx_word' id='word_1_348' title='bbox 698 3642 792 3684; x_wconf 85' lang='lat' dir='ltr'><strong>tanturn</strong></span> <span class='ocrx_word' id='word_1_349' title='bbox 804 3634 949 3696; x_wconf 84' lang='lat' dir='ltr'><strong>formaliter,</strong></span> <span class='ocrx_word' id='word_1_350' title='bbox 968 3649 1044 3700; x_wconf 89' lang='lat' dir='ltr'><strong>penes</strong></span> <span class='ocrx_word' id='word_1_351' title='bbox 1063 3636 1118 3685; x_wconf 90' lang='lat' dir='ltr'><strong>eius</strong></span> <span class='ocrx_word' id='word_1_352' title='bbox 1129 3651 1190 3686; x_wconf 89' lang='lat' dir='ltr'><strong>rno-</strong></span> 
     </span>
    </p>
   </div>
   <div class='ocr_carea' id='block_1_8' title="bbox 219 3695 1297 3766">
    <p class='ocr_par' dir='ltr' id='par_1_8' title="bbox 219 3695 1297 3766">
     <span class='ocr_line' id='line_1_42' title="bbox 219 3695 1297 3766; baseline 0.001 -11"><span class='ocrx_word' id='word_1_353' title='bbox 219 3712 272 3755; x_wconf 84' lang='lat' dir='ltr'><strong>tunr</strong></span> <span class='ocrx_word' id='word_1_354' title='bbox 290 3704 404 3754; x_wconf 86' lang='lat' dir='ltr'><strong>consistit</strong></span> <span class='ocrx_word' id='word_1_355' title='bbox 421 3702 595 3754; x_wconf 84' lang='lat' dir='ltr'><strong>essentialiter.</strong></span> <span class='ocrx_word' id='word_1_356' title='bbox 628 3701 701 3754; x_wconf 86' lang='lat' dir='ltr'><strong>Fides</strong></span> <span class='ocrx_word' id='word_1_357' title='bbox 719 3704 798 3754; x_wconf 83' lang='lat' dir='ltr'><strong>virtus</strong></span> <span class='ocrx_word' id='word_1_358' title='bbox 817 3712 869 3766; x_wconf 81' lang='lat' dir='ltr'><strong>est3</strong></span> <span class='ocrx_word' id='word_1_359' title='bbox 888 3702 1005 3765; x_wconf 89' lang='lat' dir='ltr'><strong>credere,</strong></span> <span class='ocrx_word' id='word_1_360' title='bbox 1027 3711 1109 3754; x_wconf 84' lang='lat' dir='ltr'><strong>motus</strong></span> <span class='ocrx_word' id='word_1_361' title='bbox 1127 3704 1189 3756; x_wconf 87' lang='lat' dir='ltr'><strong>fidei</strong></span> <span class='ocrx_word' id='word_1_362' title='bbox 1296 3695 1297 3704; x_wconf 38' lang='lat'>¹</span> 
     </span>
    </p>
   </div>
   <div class='ocr_carea' id='block_1_9' title="bbox 220 3771 1187 3911">
    <p class='ocr_par' dir='ltr' id='par_1_9' title="bbox 220 3771 1187 3911">
     <span class='ocr_line' id='line_1_43' title="bbox 220 3771 1187 3836; baseline -0.001 -11"><span class='ocrx_word' id='word_1_363' title='bbox 220 3782 267 3825; x_wconf 87' lang='lat' dir='ltr'><strong>est.</strong></span> <span class='ocrx_word' id='word_1_364' title='bbox 302 3772 357 3824; x_wconf 93' lang='lat' dir='ltr'><strong>Non</strong></span> <span class='ocrx_word' id='word_1_365' title='bbox 375 3775 441 3824; x_wconf 90' lang='lat' dir='ltr'><strong>enim</strong></span> <span class='ocrx_word' id='word_1_366' title='bbox 453 3771 551 3822; x_wconf 87' lang='lat' dir='ltr'><strong>adultus</strong></span> <span class='ocrx_word' id='word_1_367' title='bbox 568 3781 679 3824; x_wconf 88' lang='lat' dir='ltr'><strong>merctur</strong></span> <span class='ocrx_word' id='word_1_368' title='bbox 690 3771 764 3824; x_wconf 86' lang='lat' dir='ltr'><strong>iidem</strong></span> <span class='ocrx_word' id='word_1_369' title='bbox 782 3772 907 3836; x_wconf 79' lang='lat' dir='ltr'><strong>babendo,</strong></span> <span class='ocrx_word' id='word_1_370' title='bbox 925 3772 968 3824; x_wconf 89' lang='lat' dir='ltr'><strong>sed</strong></span> <span class='ocrx_word' id='word_1_371' title='bbox 987 3771 1139 3825; x_wconf 87' lang='lat' dir='ltr'><strong>credendo.“</strong></span> <span class='ocrx_word' id='word_1_372' title='bbox 1154 3788 1187 3814; x_wconf 57' lang='grc' dir='ltr'><strong>ὲ-</strong></span> 
     </span>
     <span class='ocr_line' id='line_1_44' title="bbox 220 3841 724 3911; baseline -0.008 -15"><span class='ocrx_word' id='word_1_373' title='bbox 220 3845 252 3911; x_wconf 84' lang='grc'><strong>5)</strong></span> <span class='ocrx_word' id='word_1_374' title='bbox 269 3843 334 3896; x_wconf 77' lang='lat' dir='ltr'><strong>atto</strong></span> <span class='ocrx_word' id='word_1_375' title='bbox 352 3858 396 3894; x_wconf 85' lang='lat' dir='ltr'><strong>eu.</strong></span> <span class='ocrx_word' id='word_1_376' title='bbox 417 3872 446 3882; x_wconf 91' lang='lat'>-</span> <span class='ocrx_word' id='word_1_377' title='bbox 467 3843 499 3910; x_wconf 87' lang='lat'><strong>6)</strong></span> <span class='ocrx_word' id='word_1_378' title='bbox 517 3841 555 3894; x_wconf 78' lang='grc' dir='ltr'><strong>ΟΡ</strong></span> <span class='ocrx_word' id='word_1_379' title='bbox 573 3842 724 3894; x_wconf 83' lang='lat' dir='ltr'><strong>reiectus.</strong></span> 
     </span>
    </p>
   </div>
   <div class='ocr_carea' id='block_1_10' title="bbox 0 0 1312 4244">
    <p class='ocr_par' dir='ltr' id='par_1_10' title="bbox 0 0 1312 4244">
     <span class='ocr_line' id='line_1_45' title="bbox 0 0 1312 4244; baseline 0 0"><span class='ocrx_word' id='word_1_380' title='bbox 0 0 1312 4244; x_wconf 95' lang='lat' dir='ltr'><strong> </strong></span> 
     </span>
    </p>
   </div>
  </div>
 </body>
</html>
