2506 4254
178 241 241 304 aet
491 237 718 300 DISTINGTIO
742 237 899 300 DECIMA

58 373 65 400 ¹
177 361 241 423 US:
273 360 350 421 Satis
374 359 499 422 delector
528 363 557 420 in
586 361 749 420 huiusmodi
777 361 935 436 miraculis,
962 377 1037 436 quae
1062 365 1125 422 sunt
1149 358 1192 420 de·

177 450 314 508 structiva
329 450 429 508 erroris
443 455 530 524 atque
552 449 692 524 vitiorum,
714 454 743 507 et
757 448 898 524 quaedam
912 450 1057 507 incentiva
1075 447 1137 506 fidei
1154 453 1193 505 at·

177 552 234 612 quc
254 537 400 596 virtutum.
442 533 677 596 MONACHUS:
699 534 819 596 Noveris
842 538 929 599 etiam
950 551 1062 596 vermes
1081 550 1192 596 venena·

177 629 230 698 tos,
252 616 363 699 aliquas
384 621 491 683 habere
513 623 633 682 virtutes
654 621 807 682 naturales.

517 811 749 874 CAPITULUM
775 811 875 872 LXX.

271 935 318 994 De
339 941 471 1010 serpente
492 937 544 1009 qut
565 935 674 995 valam
695 933 826 992 satellitis
848 937 930 992 sumit
952 939 980 992 et
1000 935 1122 992 sarmati

242 1071 351 1132 Retulit
369 1071 452 1131 nobis
473 1069 615 1131 Henrious
638 1069 672 1130 de
692 1071 821 1146 Foresto,
843 1070 924 1130 miles
945 1069 1082 1130 honestus
1101 1077 1127 1129 et
1144 1084 1187 1127 re·

179 1177 239 1235 rax,
260 1175 320 1218 rem
342 1158 378 1217 de
400 1164 529 1234 serpente
552 1161 620 1217 satis
642 1157 807 1216 mirabilem.
851 1157 972 1218 Satelles
984 1160 1075 1233 inquit
1093 1154 1189 1232 amdan

178 1247 257 1305 iuxta
270 1263 323 1305 nos
336 1263 410 1305 anno
426 1247 577 1320 praeterito
592 1244 756 1304 vulneratus
777 1247 806 1302 iu
828 1243 917 1304 latere
939 1252 969 1304 et
990 1245 1064 1304 male
1083 1248 1189 1314 sanatus,

179 1339 344 1408 erumpente
365 1334 444 1390 sanie
462 1331 583 1407 amplius
606 1332 799 1406 torquebatur.
842 1331 898 1390 Die
920 1331 1047 1408 quadam
1068 1349 1127 1390 curu
1145 1345 1189 1386 nu-

179 1417 246 1478 dato
268 1419 357 1478 latere
379 1435 465 1494 super
485 1425 615 1477 truncum
636 1420 764 1479 succisae
786 1419 895 1477 arboris
917 1436 948 1478 se
970 1419 1142 1490 reclinasset,
1163 1421 1188 1472 ut

159 1507 273 1566 rsanies
295 1505 429 1579 efflueret,
451 1504 630 1565 obdormivit.
672 1505 788 1564 Interim
810 1522 926 1580 serpens
949 1505 1073 1580 advenit,
1093 1511 1120 1564 et
1136 1499 1189 1561 vul·

179 1611 233 1653 nus
255 1595 340 1652 suxit.
382 1592 605 1670 Expergefactus
627 1591 688 1667 ille,
714 1599 875 1666 serpentem
897 1595 1031 1654 excussit.
1079 1591 1113 1650 Et
1137 1589 1189 1648 licet

179 1682 292 1740 territus
303 1680 402 1739 fuisset
414 1687 529 1755 propter
543 1695 695 1752 venenum,
717 1696 853 1754 magnum
865 1688 960 1738 tamen
974 1696 1042 1738 mox
1054 1679 1135 1738 sensit
1151 1691 1188 1732 re·

179 1767 313 1828 medium.
355 1765 479 1827 Suasum
497 1772 541 1825 cst
555 1767 581 1825 ei
603 1772 635 1824 ut
657 1764 758 1825 denuo*
777 1768 807 1823 in
830 1765 931 1825 eodem
959 1765 1038 1840 loco,
1064 1762 1186 1842 praedicto

179 1853 265 1914 ruodo
287 1852 403 1913 colubro
426 1855 538 1928 copiam
559 1851 679 1928 sugendi
700 1851 780 1910 daret
786 1873 797 1926 ;
822 1852 893 1910 forte
914 1854 1066 1912 sanitatem
1093 1851 1185 1911 omnino

179 1943 325 2016 reciperet.
368 1939 454 2016 Quod
475 1941 516 1998 ita
535 1939 643 1998 sactum
665 1945 717 1997 est.
749 1939 922 1998 Sanissimus
944 1957 1013 1999 vero
1037 1936 1186 2010 effectuain

179 2034 321 2088 tantuma
335 2033 466 2102 serpente
488 2028 582 2101 coepit
603 2025 688 2102 diligi,
709 2032 742 2085 ut
762 2028 811 2085 vix
832 2028 861 2090 in
883 2025 979 2101 aliquo
1000 2027 1065 2085 loco
1086 2023 1186 2084 dormire

179 2120 285 2192 posset,
306 2116 374 2188 quin
394 2112 432 2171 ad
455 2112 641 2172 eius-lectum
662 2115 779 2172 veniret.
822 2111 910 2172 Cuius
932 2115 1101 2172 consortium
1119 2110 1187 2168 horno

180 2202 344 2275 abhorrens,
365 2202 539 2277 provinciam
555 2201 691 2275 mutavit3
712 2201 880 2275 interimque
895 2217 1066 2274 perannum
1084 2198 1136 2258 tere
1154 2193 1187 2251 di·

180 2289 297 2348 midium
322 2287 403 2347 illum
433 2304 491 2346 non
513 2286 592 2346 vidit.
634 2287 794 2347 Reversum
817 2287 910 2348 denuo
932 2303 1049 2362 serpens
1069 2285 1187 2360 sequiora

181 2383 209 2436 et
241 2392 307 2434 curu
339 2391 397 2433 non
431 2380 529 2449 posset
562 2376 665 2433 intrare
699 2374 748 2432 ubi
775 2372 822 2432 ille
851 2374 993 2449 cubabat,
1031 2388 1111 2432 mano
1135 2372 1186 2426 aute

180 2464 486 2537 ostiumrepertusest.
507 2460 630 2520 Suasum
648 2467 692 2518 est
713 2462 739 2518 ei
760 2466 792 2517 ut
803 2466 961 2519 monstrum
982 2459 1125 2520 occideret
1142 2454 1187 2514 lie·

180 2547 338 2624 spondente
359 2547 416 2621 illo,
439 2555 596 2607 curatorem
618 2564 713 2605 meum
734 2563 792 2605 nou
809 2546 945 2621 occidam,
966 2546 1082 2606 andem
1100 2547 1187 2618 impor-

181 2637 300 2696 tunitate
322 2636 459 2710 serpentis
474 2640 666 2710 exasperatus,
687 2633 791 2692 occidit
803 2632 889 2692 illurn.
919 2633 1024 2709 Sicquc
1039 2634 1076 2692 ab
1092 2628 1187 2692 colibe-

180 2729 260 2783 ratus
282 2728 333 2781 est.
363 2720 565 2782 NOVICIUS:
586 2721 689 2781 Melior
710 2727 771 2780 erat
798 2737 914 2797 serpeus
933 2723 987 2780 iste
1013 2720 1060 2780 illo
1081 2719 1188 2792 serpente

181 2808 217 2870 de
239 2826 296 2886 quo
319 2808 426 2868 dictum
448 2811 541 2868 estin
564 2808 742 2868 distinctione
763 2812 844 2866 sexta
863 2807 988 2884 capitulo
1008 2807 1135 2868 vicesimo
1152 2815 1187 2858 sc·

181 2896 284 2956 cundo.
325 2894 559 2956 MONACHUS:
588 2895 640 2954 Ille
668 2900 819 2972 peccatum
845 2897 1001 2954 maximum
1022 2881 1187 2969 punivit3atl

180 2982 236 3042 hoc
258 2985 334 3042 enirn
355 2989 467 3042 creatus
488 2983 589 3042 tuerat.
632 2982 777 3058 Quantum
798 2989 943 3059 serpentes
964 2979 1121 3042 homiuibus
1137 2989 1187 3054 per·

181 3076 257 3143 cant,
279 3069 392 3130 duobus
413 3070 465 3130 tibi
486 3069 612 3147 pandam
632 3068 784 3130 miraculis.

511 3276 745 3340 CAPITULUM
775 3277 889 3336 LXXI.

213 3399 262 3459 Dc
282 3404 423 3458 matrona
444 3399 634 3484 flandriensi
647 3419 733 3476 pace
753 3406 914 3475 serpentem
935 3403 967 3459 irc
988 3398 1084 3458 orbito
1104 3393 1167 3466 libii

463 3492 491 3546 ct
511 3489 543 3545 irc
560 3494 656 3562 partu
681 3487 805 3545 madent
827 3485 938 3564 effudit.

247 3624 381 3684 Matrona
403 3624 545 3700 quaedam
565 3627 596 3682 iu
616 3623 766 3700 Plaustris,
788 3628 862 3685 sicut
882 3641 973 3700 nuper
994 3623 1091 3686 audiri
1109 3641 1126 3682 a
1143 3617 1191 3676 Wl-

183 3729 252 3788 gero
274 3710 415 3772 monacho
436 3711 598 3784 Vilarieusi,
619 3729 684 3770 cum
704 3711 841 3771 infantem
861 3713 1028 3788 peperisset,
1048 3714 1120 3771 circa
1136 3704 1192 3766 iim

185 3798 386 3878 corpusculum
398 3803 515 3872 serpens
528 3797 669 3856 maximus
691 3813 723 3855 rc
735 3797 962 3873 complicaverat
1006 3797 1052 3857 De
1073 3813 1126 3873 quo
1144 3805 1192 3853 cau
