2608 4252
444 287 500 347 nn
523 285 679 348 sancus
700 284 841 378 namn.
1142 289 1158 342 r

123 411 252 482 monor,
289 407 443 472 inchoavit.
500 408 593 485 Quem
621 407 819 468 Harderardus
849 406 1018 466 contundere
1046 405 1160 480 valane,

122 498 296 557 auctoritate
318 512 402 555 curae
424 495 590 572 pastoralis,
619 495 742 554 officinm
764 493 820 553 diei
840 495 959 568 incepit,
986 493 1014 551 id
1037 499 1094 570 est,
1122 493 1161 550 In
1198 516 1201 521 ·

124 584 239 642 excelso
277 583 392 642 diruto.
453 582 506 640 Oui
542 599 607 642 cum
636 581 769 643 sacerdos
798 582 954 654 resisteret,
982 583 1066 640 cessit
1099 577 1160 654 ille,

122 669 277 730 contusum
305 687 337 728 sc
369 668 513 728 simulans.
555 669 651 728 Finita
676 671 777 743 missa,
810 685 875 727 cum
900 666 979 725 illum
1002 665 1071 725 dure
1092 669 1161 726 satis

121 762 272 833 argueret,
300 755 476 831 diceretque,
499 755 627 830 dominc,
650 755 764 830 qualem
784 757 901 838 missam
926 753 1035 812 dixistis
1056 752 1160 812 hodie?

121 849 152 903 ct
180 842 230 902 ille
261 841 457 918 responderet,
492 842 528 902 de
556 843 683 901 Domina
717 847 829 917 nostra,
863 857 957 900 nonne
985 841 1062 899 bona
1088 837 1161 897 fuit?

121 929 231 990 adiecit
261 929 472 989 Harderardns:
504 929 609 989 Videte
628 946 675 1008 ‚ne
702 946 829 1004 unquam
858 927 894 987 de
923 933 1016 987 cetero
1045 929 1169 985 missam

122 1016 228 1076 dicatis
249 1018 279 1074 in
300 1015 419 1076 ecclesia
440 1033 514 1074 mea.
557 1015 661 1090 Sicque
683 1017 816 1089 recessit,
843 1015 898 1074 alio
921 1013 1068 1074 sacerdote
1090 1014 1161 1072 sub-

120 1106 235 1162 stituto.
277 1103 315 1162 Et
337 1121 402 1162 cnm
423 1108 521 1178 egeret
536 1119 646 1178 pauper
666 1102 713 1160 ille
736 1108 856 1176 amotus,
878 1118 1029 1176 compassa
1051 1101 1077 1158 ei
1097 1117 1161 1158 ma-

121 1197 167 1250 ter
187 1190 413 1265 misericordiae,
433 1194 518 1248 nocte
539 1189 665 1264 quadam
685 1188 884 1263 Hardcrardo,
906 1188 987 1248 dictis
1008 1189 1162 1261 matutinis,

121 1279 152 1336 in
175 1276 299 1356 ecclesia
319 1279 411 1336 sancti
432 1275 578 1336 Gereonis'
598 1275 651 1335 soli
671 1293 826 1351 apparens,
855 1273 951 1334 dunas
973 1274 1098 1334 allocuta
1118 1279 1163 1333 est

123 1363 240 1423 dicens:
270 1362 310 1423 Ut
330 1363 399 1438 qnid
418 1363 547 1438 repulisti
569 1361 748 1438 capellanum
770 1379 881 1436 meum,
913 1363 1032 1420 arentia
1052 1367 1103 1419 tua
1124 1359 1162 1420 ad

122 1449 182 1510 hcc
211 1455 241 1508 te
272 1441 453 1526 instigante?¹
467 1449 499 1510 Si
529 1466 587 1509 nun
616 1448 735 1509 celerius
761 1466 827 1508 eum
848 1450 1017 1523 restitueris,
1047 1449 1162 1524 linguae

122 1537 220 1596 officio
241 1553 260 1596 a
281 1553 327 1596 me
347 1537 513 1613 privaberis.
554 1535 607 1596 Ille
628 1537 667 1596 ad
688 1536 776 1611 pedes
798 1536 859 1594 cius
881 1552 1029 1610 corruens,
1058 1541 1087 1593 et
1106 1525 1162 1594 vd·

122 1625 203 1682 niam
231 1623 394 1698 postulans,
423 1639 537 1683 omnem
566 1623 787 1682 satisfactionem
807 1623 944 1698 promisit.
986 1621 1058 1680 Mox
1078 1638 1161 1682 mane

123 1709 235 1770 inesto
257 1713 360 1770 nuncio
381 1714 509 1770 amotum
530 1711 660 1784 restituit,
684 1709 831 1782 mandans,
852 1710 926 1767 sicut
947 1725 1035 1783 supra
1056 1707 1162 1768 dictum

124 1801 171 1856 est
198 1796 235 1856 dc
265 1802 363 1857 sancto
385 1797 513 1871 Thema,
539 1803 573 1854 nt
601 1799 718 1855 missam
740 1795 776 1854 de
797 1801 897 1855 sancta
917 1795 1011 1854 Maria
1031 1811 1162 1870 quacun-

124 1899 183 1960 que
195 1880 213 1963 ¹)
235 1881 388 1944 develet
409 1883 580 1958 celebraret,
602 1885 752 1959 ipsamque
772 1898 824 1959 pro
847 1884 905 1941 suis
925 1884 1051 1957 peccatis
1072 1883 1162 1940 inter-

123 1969 255 2048 pellaret.
296 1967 403 2029 Adhuc
417 1973 491 2030 enim
512 1969 590 2030 idem
612 1969 744 2030 sacerdos
766 1972 846 2043 vivit,
866 1974 895 2028 et
914 1975 1029 2045 praeest
1049 1967 1162 2028 cuidam

125 2057 299 2116 monasterio
322 2056 586 2132 sanctimonialium,
608 2059 688 2116 cuius
708 2059 770 2132 ipse
788 2058 912 2114 initiator
934 2057 1048 2114 exstitit.
1090 2053 1162 2114 NO-

125 2142 277 2203 VICIUS:
298 2143 412 2203 Bonum
434 2149 478 2204 est
498 2143 547 2202 tali
569 2145 675 2202 servire
695 2143 844 2216 Dominae,
867 2159 941 2218 qnae
964 2143 1004 2201 sic
1026 2142 1081 2201 sibi
1102 2157 1163 2200 ser-

125 2231 272 2289 vientibus
294 2231 437 2290 subvenit.
478 2228 712 2292 MONACHUS:
740 2230 806 2289 Non
827 2228 921 2288 solnm
950 2246 999 2288 cos
1021 2246 1039 2287 a
1061 2229 1164 2304 quibus

125 2317 292 2394 affliguntur
320 2323 417 2377 monet
449 2324 478 2377 et
505 2319 634 2394 corripit,
661 2318 719 2376 imo
749 2319 833 2376 etiarn
862 2333 937 2392 quae
964 2315 1078 2375 illorum
1099 2321 1165 2373 sunt

125 2409 260 2479 potenter
280 2402 413 2464 defendit
1040 2400 1042 2404 ’

490 2553 724 2638 carnutum
744 2578 799 2639 vr.
902 2530 904 2540 ’

126 2721 175 2780 Dc
197 2720 317 2780 domino
338 2719 510 2778 Innocentio
532 2719 639 2794 Papa,
667 2735 752 2794 quern
774 2724 878 2805 sancta
899 2715 1002 2776 Marta
1023 2703 1166 2789 corripuit

226 2831 231 2842 ·
258 2824 314 2882 per
333 2806 504 2879 chcriurn,
524 2822 591 2863 cnm
611 2807 644 2862 in
666 2805 797 2862 ordinem
821 2803 1034 2863 Cistercienscm

415 2893 578 2952 exactiones
591 2891 698 2967 facere
719 2897 886 2972 conaretur.

191 3013 333 3090 Tempore
372 3009 421 3072 illo
461 3027 518 3087 quo
550 3009 734 3070 Baldewinus
770 3009 873 3068 Comes
909 3007 1062 3068 Flandriae
1100 3025 1165 3067 cum

127 3117 212 3160 cruce
248 3100 368 3176 sigrratis
397 3097 671 3173 Constantinopolim
701 3098 890 3173 expugnavit,
906 3093 1055 3155 dominus
1083 3094 1166 3170 Papa

125 3185 310 3246 Innocentius
329 3185 420 3244 ordini
428 3181 448 3266 ²)
470 3184 570 3244 litteris
584 3186 643 3244 suis
656 3183 851 3257 mandaverat,
872 3188 905 3241 ut
918 3183 1166 3259 quadragesimam

130 3280 241 3349 partem
262 3275 388 3332 omnium
414 3289 510 3331 rerum
531 3288 648 3330 suarum
669 3270 815 3330 mobilium
837 3272 866 3328 in
887 3287 1053 3330 succursum
1074 3274 1165 3327 terrae

126 3365 244 3419 sanctas
272 3361 481 3418 transmitteret.
525 3356 604 3417 Ordo
625 3373 694 3416 vero
723 3355 902 3433 praevilegiis
911 3353 932 3436 ὃ)
954 3358 1009 3416 sibi
1037 3356 1074 3414 ab
1104 3356 1165 3413 cius

127 3446 355 3512 antecessoribus
376 3444 492 3504 indultis
513 3445 650 3518 innitens,
671 3460 708 3502 na
729 3443 890 3510 libertatem
912 3459 1077 3503 concessam
1098 3457 1166 3500 ver·
1254 3445 1258 3455 “

126 3537 186 3592 tere
206 3531 352 3592 videretur
371 3535 401 3592 in
422 3534 603 3604 servitutem,
634 3535 695 3588 tam
715 3532 797 3606 gravi
819 3531 960 3589 exactioni
967 3525 990 3608 ²)
1018 3529 1165 3588 subiacere

130 3635 187 3679 non
209 3621 361 3695 acquievit.
403 3617 487 3679 Unde
503 3617 687 3678 Innocentius
706 3617 803 3676 furens
824 3618 854 3674 in
875 3622 986 3676 tantum
1007 3615 1098 3675 ordini
1119 3615 1165 3671 in-

146 3785 177 3856 l)
194 3783 234 3839 ΟΡ
252 3799 454 3856 quocunque.
472 3816 505 3826 -
523 3786 555 3855 2)
573 3785 593 3839 G
610 3783 719 3838 ordini
736 3792 861 3838 nostro.
880 3813 913 3824 -
934 3785 966 3853 3)
984 3781 1047 3835 aur
1064 3781 1165 3847 privi-

196 3854 671 3940 legiis.—4)A1)axactione.
