2512 4254
182 267 243 328 ros
463 335 478 380 ι
514 253 743 330 omomeuro
763 215 906 330 nonr-

179 387 302 452 ccciesia
334 387 471 450 Coloniae
502 392 665 451 canonicus.
714 390 792 452 Ante
821 391 1036 453 conversionem
1067 393 1137 454 satis
1163 409 1205 453 ex·

178 480 290 538 stiterat
314 477 441 538 lubricus
455 474 489 558 ¹),
518 476 571 538 sed
596 479 670 538 bene
698 481 895 556 morigeratus.
923 478 1040 540 Modica
1073 482 1099 540 oi
1121 481 1204 540 scicn-

178 568 220 626 tia
246 565 403 624 htterarum
431 567 540 640 inerat,
569 565 621 625 scd
642 567 757 641 spiritus
776 562 958 647 patientiae²)
981 572 1010 626 et
1038 567 1150 646 pletatis
1174 565 1204 627 ad

178 669 314 731 magnam
333 655 411 712 vitae
430 653 634 728 perfectionem
664 652 744 711 illum
764 659 943 729 provexerat.
985 653 1043 714 Hic
1064 671 1129 714 cunr
1148 661 1204 714 ante

180 738 234 800 hos
256 757 307 800 sex
334 756 425 799 annos
452 741 482 797 in
511 739 557 798 dic
577 738 687 798 Natalis
708 739 825 799 Domini
847 739 885 800 ad
905 743 1051 818 privatum
1072 739 1203 818 quoddam

178 825 268 886 altare
296 827 414 886 missam
443 844 510 886 cum
537 825 629 884 multa
656 825 807 886 devotione
836 833 865 887 et
884 827 1008 888 lacrimis
1030 832 1063 886 ut
1083 830 1111 888 ei
1130 829 1221 888 moris·

178 917 239 974 crat
252 913 425 987 inchoasset,
445 913 561 987 scilicet,
581 913 667 972 Puer·
687 921 777 973 notus
794 921 836 974 eat
855 914 956 988 noba,
986 915 1120 992 lacuque
1140 921 1202 975 esset

177 1001 456 1060 transsubstantiatio
466 997 503 1080 ³),
530 1014 589 1058 uon
610 1001 668 1058 iam
688 1003 718 1058 iu
740 1001 872 1060 manibus
894 1004 952 1060 suis
974 1003 1101 1079 speciem
1120 1001 1223 1080 punis·

177 1087 231 1148 sed
250 1088 386 1146 infantem
406 1086 644 1163 pulcherrimum,
675 1089 732 1146 imo
754 1092 993 1164 speciosissimum
1014 1089 1095 1150 illum
1113 1089 1201 1168 formo

174 1173 252 1250 proc
277 1175 344 1251 flios
365 1175 532 1247 hominum,
561 1177 594 1233 cic
616 1193 702 1250 quan
725 1181 752 1232 et
774 1175 872 1250 onyeli
887 1179 1057 1251 prospicere
1077 1179 1200 1251 corocopi-

177 1258 310 1338 aconti),
343 1257 444 1320 tenuit
463 1267 492 1320 et
518 1259 598 1320 vidia
642 1260 731 1320 Cuius
753 1264 869 1321 caritate
891 1278 1063 1338 succensus,
1095 1268 1123 1323 et
1141 1265 1200 1322 mira

177 1341 386 1423 'pulchritudine
414 1345 585 1421 delectatus,
613 1347 779 1424 complexus
802 1355 846 1407 est
874 1366 940 1408 eum
967 1366 1003 1409 ac
1026 1349 1199 1410 deosculatus

177 1434 294 1494 Timone
307 1440 403 1492 tamen
424 1451 534 1493 moram
554 1441 671 1512 propter
693 1435 907 1495 circumstantes
917 1433 1055 1516 ⁸),super
1068 1435 1199 1512 corporale

178 1519 313 1580 dilectum
333 1523 437 1597 posuit,
460 1528 488 1580 ct
508 1520 554 1581 ille
576 1529 609 1579 ut
629 1523 718 1581 missa
738 1522 836 1605 perfipi
856 1529 955 1599 posset
975 1523 1095 1584 sormam
1115 1539 1199 1586 sacra·

176 1608 331 1668 mentalem
358 1610 517 1683 resumpsit.
561 1608 704 1685 Quamdiu
733 1610 835 1670 beatus
855 1609 903 1668 ille
927 1609 999 1670 vidit
1023 1611 1144 1686 speciem
1161 1612 1198 1668 in·

176 1682 276 1772 iantis',
307 1695 415 1754 nullam
446 1695 487 1754 ibi
518 1695 590 1754 vidit
610 1697 735 1772 speciem
763 1698 856 1772 panis,
885 1703 913 1756 et
941 1712 1106 1758 econverso.
1152 1696 1198 1772 Qui

177 1799 244 1842 cum
278 1785 374 1842 nescio
411 1784 456 1842 cui
488 1784 628 1841 visionem
663 1782 833 1858 revelasset,
872 1786 959 1844 tacita
990 1801 1113 1861 persona
1141 1799 1197 1856 sua,

177 1876 207 1928 et
237 1869 284 1929 ille
321 1869 399 1944 aliis,
438 1868 564 1944 quodam
596 1868 709 1944 diedo
741 1878 858 1930 auctore
890 1878 987 1931 tantm
1019 1874 1134 1932 visionis
1160 1871 1197 1928 io·

176 1961 349 2034 terrogahrs,
377 1973 424 2016 me
452 1955 585 2016 audiente
612 1956 773 2032 respondit:
794 1957 965 2030 ‚cecissimo
990 1957 1040 2018 illa
1061 1957 1106 2018 die
1127 1955 1196 2017 Chri·

176 2047 238 2102 stns
273 2042 321 2102 hic
353 2044 434 2102 visus
473 2049 530 2120 eet,
567 2050 596 2103 et
629 2043 701 2102 nihil
732 2044 797 2120 plus
830 2044 924 2104 dicere
955 2045 1055 2105 voluit.
1105 2045 1197 2104 Postea

177 2128 289 2190 duobus
315 2129 524 2206 sacerdotibus,
552 2129 729 2191 Theoderico
755 2131 863 2191 scilicet
890 2129 926 2190 de
947 2131 1061 2192 Lurclre
1083 2138 1111 2192 et
1131 2131 1196 2191 Con·

175 2219 316 2293 stantiae,
347 2219 485 2277 visionem
506 2218 654 2277 revelavit.
697 2219 782 2294 Quod
802 2218 962 2296 intelligens
983 2219 1142 2280 Winandus
1159 2219 1196 2276 io-

175 2303 315 2364 llrmarius
344 2310 453 2378 noster,
480 2307 574 2381 posito
604 2322 639 2364 eo
667 2307 696 2363 in
717 2303 906 2381 infirmitorio,
934 2309 988 2364 ait:
1017 2305 1098 2366 Bone
1124 2307 1197 2365 haer

146 2389 370 2469 -Godescalce,
398 2391 508 2450 vidistis
536 2394 565 2450 in
586 2395 674 2451 missa
695 2391 897 2452 salvatorem?
938 2393 1139 2468 Respondente
1156 2389 1195 2450 illo

137 2469 140 2475 ’
174 2479 353 2554 simphciter,
374 2482 474 2554 etiam3
497 2478 613 2538 adiecit:
634 2479 668 2537 In
691 2479 767 2554 quali
780 2478 893 2538 forma?
935 2479 970 2538 In
991 2481 1090 2556 ior-ma,
1111 2479 1195 2554 inquit,

174 2565 297 2624 infantis.
328 2564 367 2624 Et
386 2565 447 2624 ille:
470 2563 546 2640 Quid
566 2565 672 2625 fecistis
694 2565 740 2626 ei?
775 2565 947 2641 Respondit:
971 2565 1123 2626 Osculatus
1142 2547 1225 2704 md

176 2669 242 2712 eum
270 2659 336 2712 ante
366 2669 398 2712 os
427 2670 519 2711 auum.
561 2651 610 2711 Ad
639 2653 717 2728 quod
744 2653 919 2713 Wiucndus:
945 2652 985 2712 Et
1011 2653 1081 2729 quid
1107 2657 1194 2730 postea

129 2795 132 2802 .
174 2745 271 2799 actum
293 2738 356 2798 esti
398 2739 474 2816 Ego,
496 2741 550 2815 ait,
570 2757 656 2815 super
676 2740 766 2799 altare
788 2758 854 2799 eum
874 2742 967 2816 posui,
989 2747 1019 2800 et
1038 2757 1147 2802 reverso
1165 2753 1193 2796 co

173 2827 204 2884 in
223 2827 345 2892 formam
365 2827 505 2902 priorem,
525 2829 634 2902 sumpsi
653 2826 742 2898 illum.
784 2827 895 2887 Eadem
916 2829 1039 2888 moriens
1063 2827 1192 2888 confessus

175 2919 219 2971 est
246 2912 357 2972 Abbati
384 2920 481 2973 nostro
511 2911 625 2973 domino
653 2913 788 2972 Henrico.
839 2912 1044 2974 NOVICIUS:
1076 2912 1192 2974 Gloriosa

173 3006 241 3058 sunt
272 3017 346 3074 quac
380 2999 458 3060 dicis.
506 2999 565 3060 Sed
596 3003 683 3059 miror
715 3003 739 3060 si
769 3001 838 3060 talia
866 3000 1019 3077 aliquando
1048 2999 1192 3062 revelantur

174 3086 261 3144 etiam
280 3086 363 3145 malis
384 3086 589 3147 sacerdotibus
630 3086 866 3148 MONACHUS:
887 3087 968 3148 Sicut
988 3087 1072 3148 bonis
1092 3083 1128 3148 ad
1145 3085 1191 3142 ho·

173 3173 270 3232 utitatis
312 3177 583 3250 remunerationem,
623 3177 665 3234 ita
706 3192 910 3250 nonnunquam
955 3173 1096 3235 Dominus
1136 3185 1191 3230 ma·

172 3257 207 3318 lis
247 3259 443 3321 sacerdotibus
481 3279 513 3322 se
553 3261 702 3322 ostendere
742 3262 875 3343 dignatur
911 3261 951 3322 ad
995 3262 1189 3322 correctionem

173 3344 263 3406 Verbi
285 3343 410 3430 consol).

191 3567 222 3638 i)
239 3567 357 3621 lioruilia:
372 3532 424 3640 ³„ln
448 3569 556 3622 clericali
578 3569 630 3623 vita
648 3586 722 3640 quarn
746 3572 822 3624 luerit
838 3569 910 3634 levis,
927 3585 1001 3638 quarn
1019 3576 1086 3622 totus
1103 3563 1188 3618 deditos
1239 3585 1240 3588 ¹

241 3641 378 3700 venationi,
394 3638 503 3701 etludis,
522 3639 625 3709 aliisque
635 3640 795 3701 vanitatibus,
812 3649 937 3692 noverunt
946 3638 1104 3692 concanonici
1111 3628 1187 3688 illiun“

243 3708 421 3778 -2JABoP
440 3711 692 3777 scientiae-3)
705 3709 775 3764 ADP
788 3711 940 3780 iactaque
958 3707 1187 3762 transsubstan-

241 3780 394 3832 tictionc.
413 3778 469 3828 llox
486 3778 535 3831 Ali
553 3780 613 3831 ianr
630 3795 698 3830 non.
719 3809 749 3820 —
768 3781 802 3846 4)
818 3777 887 3832 Psal.
906 3781 950 3843 lt,
967 3780 992 3832 3.
1010 3778 1079 3832 Patr.
1096 3769 1185 3842 l,1,i²·

243 3879 265 3888 -
289 3848 316 3860 '⁸
330 3847 348 3860 “
434 3846 480 3898 “li
498 3849 749 3900 circumstantis.
770 3878 799 3888 -
820 3850 853 3918 6)
869 3848 914 3902 BC
931 3849 1050 3918 gratia.

1236 4167 1238 4222 i
