2506 4254
400 215 457 278 Du
479 212 707 313 nudemus.

360 403 593 467 emmenum
619 403 762 464 nxvnr.
829 365 833 375 ’

56 524 118 584 Item
136 525 171 585 dc
191 524 303 602 wfonc
324 530 376 602 qai
390 529 423 586 in
442 528 555 605 pitydia
578 525 668 586 bibuli
689 521 847 586 sucerdotis
868 531 1002 599 repulus
1023 531 1072 584 est

108 645 139 704 In
159 647 252 724 Berge
273 646 341 708 villa
359 647 507 708 Dioecesis
530 647 705 708 coloniensis
728 645 864 706 sacerdos
886 645 1002 720 quidam
1024 663 1073 705 ce·

56 731 147 808 lebret,
173 733 259 792 homo
280 736 350 793 satis
371 734 523 810 mirabilis,
552 741 581 794 et
608 734 693 812 gulae
720 740 797 793 totus
829 732 949 791 deditus.
998 731 1073 792 Nolo

42 835 111 900 ,enm
129 823 288 896 nominare3
318 837 400 896 spero
422 821 501 896 quod
521 821 616 881 adhuc
638 822 726 880 vitam
747 838 828 881 suam
851 818 954 878 debeat
975 835 1074 878 emen-

56 903 121 965 dare.
160 906 236 966 Huic
257 907 433 967 consuetudo
455 914 499 967 est
519 914 647 984 tempore
676 909 800 983 aestivo,
829 912 945 982 propter
971 906 1074 965 incita·

56 998 139 1052 menta
159 993 251 1069 gulae,
272 999 383 1054 tantum
404 996 434 1053 in
454 994 567 1072 phyalis
589 995 704 1070 bibere,
724 994 754 1053 id
776 1000 820 1053 est
839 995 869 1051 in
892 991 1006 1069 scyphis
1027 993 1074 1051 vi·

56 1081 120 1137 ucis.
159 1079 214 1140 Die
227 1081 352 1156 quadam
367 1081 504 1158 phyalam
526 1097 608 1140 suam
629 1082 695 1154 vino
717 1081 854 1156 repletam
876 1079 987 1154 tollens,
1008 1096 1074 1139 cum

56 1167 140 1224 nescio
153 1169 197 1226 cni
210 1165 290 1226 illam
310 1167 348 1226 ad
367 1168 525 1244 potandum
536 1164 553 1247 ¹)
575 1169 739 1243 porrigeret,
761 1167 829 1227 bulo
846 1184 967 1242 magnus
988 1165 1075 1225 fundo

55 1251 154 1311 insedit
172 1253 219 1312 Da
234 1269 290 1328 qua
303 1255 411 1314 visione
424 1253 509 1314 valde
520 1256 616 1329 territi,
628 1255 803 1314 mirabantur
814 1253 956 1330 quomodo
973 1270 1076 1328 eorpus

57 1343 106 1396 tam
124 1339 230 1414 grande
244 1343 348 1399 intrare
365 1343 513 1417 potuisset,
533 1359 599 1400 oum
618 1341 710 1400 eidem
724 1343 787 1400 vasi
801 1339 877 1416 quod
891 1339 1006 1400 inferius
1020 1339 1076 1398 dif-

56 1423 219 1502 fundebatur,
237 1434 314 1486 esset
330 1428 435 1487 collum
448 1428 565 1503 longum
574 1435 601 1487 et
616 1427 687 1486 exile
702 1428 794 1486 nimis.
834 1425 964 1502 Cumque
978 1443 1076 1486 sacer·

58 1509 101 1570 dos
119 1529 174 1570 non
195 1519 292 1588 posset
314 1531 439 1574 vermem
462 1517 570 1588 eiicere,
591 1531 684 1589 neque
706 1531 759 1572 vas
779 1513 867 1574 vellet
887 1513 1025 1589 frangere,
1046 1514 1075 1571 in

58 1595 141 1658 locum
159 1599 236 1659 unde
256 1598 353 1680 illud²)
383 1601 485 1660 tulerat
506 1602 648 1677 reposuit,
674 1606 702 1659 et
723 1606 789 1675 post
809 1599 909 1658 horam
930 1616 1076 1673 reversus,

58 1684 116 1742 nihil
134 1688 161 1744 in
184 1703 217 1746 eo
239 1689 351 1762 reperit.
393 1687 531 1746 Nimirum
549 1688 643 1764 liquor
662 1686 709 1746 ille
732 1685 900 1745 miraculose
923 1702 1077 1745 convorsus

58 1769 138 1831 iuerat
156 1775 184 1831 in
205 1791 332 1834 vermem
353 1773 506 1850 horridum,
527 1781 559 1833 ut
581 1777 641 1834 eius
663 1773 792 1850 exemplo
814 1771 948 1832 sacerdos
970 1771 1077 1832 abhor-

61 1865 124 1918 reret
143 1861 316 1922 ebrietatem.

379 2050 610 2113 CAPITULUM
635 2051 749 2112 LXIX.

62 2169 101 2230 Dc
120 2171 228 2249 buforce
256 2176 309 2250 qui
336 2181 468 2250 repertus
496 2182 539 2234 est
558 2193 647 2250 super
676 2176 772 2234 atroce
793 2173 983 2234 Jnuucocnm
1013 2189 1081 2232 cnm

353 2261 532 2321 celebrarunt
553 2258 770 2338 oenopbcplm).

117 2379 179 2440 Non
190 2389 234 2442 est
248 2382 296 2442 diu
309 2382 387 2459 quod
399 2400 450 2458 per
463 2382 625 2442 huiusmodi
642 2400 768 2442 vermem
782 2382 863 2442 Deus
885 2381 1015 2442 Judaaos
1033 2383 1082 2457 qni

63 2481 168 2542 corpore
182 2475 211 2528 et
224 2469 302 2529 cultu
316 2471 430 2530 omnino
442 2469 580 2528 immundi
597 2476 671 2546 sunt,
683 2470 850 2530 miraculose
864 2471 933 2528 satis
947 2468 1081 2528 confudit.

62 2550 90 2610 In
101 2553 165 2613 villa
175 2557 304 2632 proximu
317 2573 391 2632 quae
404 2556 532 2618 Wintere
544 2559 714 2632 nominatur,
731 2563 859 2632 tempore
880 2556 1005 2632 quodam
1023 2553 1081 2614 Ju-

63 2637 177 2701 daeiillic
192 2649 407 2717 commorantes,
420 2645 449 2701 in
463 2643 547 2702 domo
560 2643 706 2703 cuiusdam
716 2643 811 2702 militis
833 2660 919 2719 qnam
934 2641 1082 2702 conduxe-

63 2729 276 2804 conculcandam
292 2728 493 2789 sollemnitates
507 2726 698 2790 celebrabant
727 2729 856 2806 Cumque
871 2729 959 2788 altare
981 2729 1082 2804 pannis

63 2811 148 2874 multu
168 2833 202 2876 ac
222 2815 336 2876 mundis
358 2819 548 2893 operuissent,
569 2823 697 2894 tempore
718 2817 847 2877 sacrificii
866 2816 1021 2892 vespertini
1041 2815 1082 2873 si·

64 2898 116 2957 mul
135 2903 279 2978 intrantes,
300 2903 432 2963 sacerdos
454 2903 491 2962 ad
512 2904 601 2963 altare
623 2903 778 2979 accedens,
798 2907 951 2980 postquam
972 2918 1082 2979 pannos

63 2985 186 3064 revolvit,
208 2991 261 3049 sub
284 2992 326 3050 eis
347 2993 422 3050 circa
442 2990 567 3050 medium
588 2989 685 3050 altaris
705 2992 861 3050 maximum
881 2989 1017 3049 bufonem
1036 2989 1082 3047 in-

64 3075 140 3132 venit.
181 3075 315 3153 Quicum
336 3095 372 3137 ex
385 3079 471 3136 nimio
487 3077 603 3137 horrore
625 3077 783 3153 obstasset,
804 3093 952 3136 accurrere
968 3074 1083 3150 Judaci,

64 3153 234 3222 accurrerunt
255 3169 284 3223 et
305 3163 470 3240 Christiani3
505 3181 559 3225 nec
586 3166 680 3240 potuit
706 3163 795 3224 latere
815 3165 887 3223 visio
909 3170 969 3222 tam
998 3179 1082 3222 mon-

65 3251 175 3307 struosa.
204 3249 305 3309 Plures
320 3253 394 3310 enim
409 3251 520 3327 milites,
542 3257 683 3311 eteorum
696 3267 800 3310 uxores
821 3250 859 3310 ad
888 3249 1083 3326 spectaculum

65 3333 261 3412 confluxerant,
290 3341 338 3412 qui
364 3340 393 3396 in
419 3341 506 3398 risum
527 3339 660 3416 resoluti,
686 3336 865 3398 Judaeorum
888 3338 1083 3398 confusionem

65 3423 317 3494 augmentaverunt.
359 3424 416 3484 Per
429 3427 600 3501 quosetiam
621 3426 770 3485 recitatum
792 3432 836 3485 est
857 3432 925 3485 tunc
947 3424 1082 3499 temporis

66 3501 168 3568 domino
182 3508 316 3570 Govardo
328 3509 436 3572 Abbati
458 3519 563 3588 nostro,
585 3530 603 3572 a
625 3529 682 3588 quo
704 3529 758 3590 ego
781 3512 885 3571 audivi.
927 3507 1105 3594 ΝΟἫΟΙρἱ

83 3691 162 3758 1)οΡ
185 3695 220 3748 sd
249 3697 418 3764 potandum
449 3698 550 3763 illam,
572 3697 593 3750 F
619 3698 655 3750 ad
681 3697 867 3765 potandum.
899 3725 929 3736 -
960 3694 992 3762 2)
1016 3689 1081 3744 ΑΕΡ

105 3823 108 3830 ,
128 3761 225 3832 illum,
243 3766 263 3820 l)
281 3769 392 3836 ipsum.
413 3799 442 3808 -·
464 3769 495 3836 3)
513 3771 696 3838 scenopegiam.
