2524 4252
131 311 133 318 ·
186 279 250 338 318
457 277 684 340 Drsrmcrro
710 275 952 340 DUODEOIMA

189 401 234 458 uir
254 397 370 474 quidem
382 399 532 477 religiosus
553 402 764 477 superveniens,
789 407 818 460 et
839 399 975 476 cytharae
995 397 1069 458 illius
1090 395 1199 458 dulcedi-

189 501 256 544 nem
268 503 337 545 aure
345 488 512 562 percipiens,
532 489 586 545 ait:
608 487 674 546 Vox
687 489 743 546 iste
756 487 878 546 hominis
890 504 949 545 uon
964 491 1016 560 cst,
1036 484 1087 544 sed
1104 483 1200 544 dioboli.

191 570 308 631 Cunctis
328 589 397 631 uero
418 573 623 632 admirantibus
644 572 816 634 daemonem¹
834 571 984 646 adiuravit,
1006 578 1036 631 et
1056 573 1144 644 exivit,
1159 587 1200 630 cu-

190 658 295 718 davcre
316 675 384 717 mox
397 666 545 719 corruente
558 677 593 718 ac
606 659 737 719 foetente.
768 659 806 717 Et
818 659 1017 718 intellexerunt
1034 675 1128 718 omues
1138 656 1199 714 iden

192 761 295 822 corpus
317 764 335 804 a
357 745 496 805 daemone
518 745 565 804 diu
585 746 674 804 luisse
694 745 880 805 ludificatum.
922 743 1121 804 novicius:
1147 743 1200 800 Nou

192 832 292 891 dubito
314 835 382 907 quin
404 832 557 892 daemones
579 831 664 891 valde
684 835 714 890 in
734 832 843 891 inferno
855 829 873 911 ¹)
894 831 1007 889 illorum
1028 833 1132 889 animas
1152 835 1200 888 tor·

192 925 312 995 queant,
334 935 455 993 quorum
476 935 595 994 corpora
618 920 647 977 in
667 920 811 994 praesenti
831 919 873 978 sic
893 917 1050 976 ludificant
1089 913 1201 974 Mous-

192 1003 307 1064 CHUS:
328 1005 438 1064 Verum
460 1005 539 1064 dicis.
569 1005 653 1064 Nunc
673 1011 851 1066 revertamur
871 1003 910 1063 ud
931 1009 1072 1064 tormento
1085 1009 1201 1080 tyranno·

192 1109 264 1162 rum,
286 1094 354 1167 quia
375 1091 447 1150 hoec
468 1109 520 1167 per
541 1094 720 1151 occasionem
743 1090 819 1150 dicta
840 1097 915 1152 sunt.

565 1257 797 1340 eremorum
818 1281 856 1341 v.

363 1403 411 1462 De
426 1421 528 1478 poena
554 1403 700 1462 wuronc
722 1401 842 1462 comior
863 1383 1051 1462 derasam.

166 1509 169 1520 ’
257 1522 291 1580 In
318 1521 386 1582 villu
406 1523 566 1582 Euthenich
595 1524 721 1598 quaein
749 1524 888 1583 territorio
909 1523 1056 1583 Bonneusi
1083 1525 1133 1582 sita
1157 1525 1203 1592 est,

194 1609 277 1668 miles
297 1610 411 1685 quidam
433 1611 535 1670 nobilis
552 1610 697 1669 Walterus
718 1613 832 1668 nomine
846 1609 979 1668 habitans
1002 1616 1071 1683 erat,
1089 1615 1144 1668 tam
1162 1605 1204 1664 do·

193 1699 254 1755 mui
281 1703 394 1756 nostrae
424 1714 509 1772 quam
539 1695 628 1755 ordini
654 1698 723 1755 sctis
745 1697 942 1771 obsequiosus.
984 1695 1041 1755 Hic
1064 1713 1126 1756 cum
1143 1700 1204 1752 tem·

193 1800 263 1863 pore
286 1783 410 1858 quodam
431 1786 554 1859 graviter
573 1782 760 1842 infirmaretur
781 1782 916 1858 solusque
944 1784 1066 1856 iaceret,
1095 1779 1204 1842 diabolus

193 1869 233 1927 illi
254 1868 291 1928 ad
312 1869 400 1944 pedes
423 1869 518 1928 lectuli
527 1866 547 1948 ²)
575 1869 722 1929 visibiliter
743 1871 883 1945 apperuit.
924 1869 994 1930 Erat
1015 1877 1124 1943 autem,
1147 1868 1205 1926 sicu

115 2031 116 2036 η
193 1958 255 2033 ipse
276 1957 358 2038 nobis
380 1956 482 2030 retulit,
502 1957 589 2014 iacies
611 1957 671 2014 eius
692 1955 731 2014 ad
750 1957 840 2015 instar
855 1972 971 2032 symeae
994 1954 1135 2032 disposita,
1153 1969 1205 2012 cor·

193 2059 252 2101 noa
273 2041 382 2100 habens
407 2045 531 2118 caprina.
573 2042 607 2101 Iu
630 2042 710 2101 cuius
732 2049 852 2118 aspectu
874 2059 939 2100 cum
960 2044 1084 2117 primum
1103 2048 1205 2100 terrere-

194 2135 249 2203 tur,
269 2135 370 2204 postea
390 2129 562 2188 confortatus
584 2131 635 2187 uit:
659 2129 729 2204 Quis
750 2127 798 2188 vel
820 2128 888 2204 quid
909 2145 949 2202 es,
969 2128 1047 2189 uude
1068 2123 1205 2202 renisuri

194 2215 264 2290 quid
286 2215 419 2291 quaeris?
462 2215 621 2290 Respondit
640 2221 817 2274 monstrumz‘
833 2215 974 2274 Diabolus
996 2233 1074 2289 sum,
1100 2215 1204 2274 animum

193 2310 274 2360 tuam
294 2302 393 2362 tollere
413 2303 488 2360 veni.
531 2301 652 2361 Dicente
674 2301 770 2375 milite,
790 2302 892 2361 recede
908 2301 1042 2378 leccator,
1064 2307 1135 2361 certe
1153 2300 1204 2358 ani-

194 2406 270 2460 mam
292 2406 386 2447 meam
407 2405 465 2446 non
486 2387 577 2466 tolles,
599 2387 710 2448 Christo
732 2406 778 2448 me
792 2387 976 2463 commeud03
997 2387 1045 2450 ille
1063 2386 1199 2448 subiunxit:

192 2473 329 2548 Waltere,
350 2478 374 2533 si
395 2475 463 2532 mihi
484 2477 673 2550 consenseris,
695 2472 934 2556 hominiumque³)
956 2476 1070 2549 leceris,
1096 2491 1148 2534 non
1165 2487 1204 2530 so·

193 2560 253 2619 lum
274 2561 459 2620 incolumitati
480 2568 509 2619 te
530 2563 685 2634 restituam,
707 2564 775 2636 quin
798 2564 883 2620 etiem
904 2579 990 2638 super
1011 2578 1123 2621 omnem
1140 2565 1204 2618 torm

193 2651 358 2726 progeniem
380 2657 408 2710 te
430 2648 536 2706 ditabo.
578 2647 738 2723 Respondit
758 2648 854 2706 miles:
883 2648 958 2708 Sede
979 2648 1091 2723 habeo,
1121 2645 1153 2706 de
1170 2643 1204 2702 di-

194 2738 269 2794 vitiis
298 2738 353 2794 tuis
381 2735 530 2794 fallacibus
558 2751 616 2792 non
638 2751 715 2793 curo.
757 2733 842 2794 Unde
871 2731 968 2812 crgo⁴)
1000 2736 1055 2794 tibi
1081 2727 1204 2794 thesamil

192 2822 271 2881 Infra
291 2825 443 2896 terminos,
470 2822 576 2895 inquit,
598 2823 692 2880 curiae
714 2827 780 2880 tuuc
801 2821 901 2879 infiniti
922 2819 1110 2880 occultantur.
1148 2819 1205 2878 Cnu

196 2925 253 2983 quo
276 2927 341 2967 cum
363 2909 522 2967 milesium
544 2907 622 2982 loqui
645 2906 841 2982 delectaretur,
862 2910 916 2968 ait:
944 2907 1001 2967 Dic
1022 2909 1092 2967 mihi
1111 2907 1155 2966 ubi
1172 2907 1205 2963 est

193 2997 289 3054 anima
310 2995 416 3053 domini
437 2997 493 3054 mei
513 2993 659 3053 Wilhelmi
681 2993 798 3052 Comitis
818 2991 991 3053 Juliucensis
1013 3011 1104 3071 nuper
1122 2992 1205 3052 deluu-

195 3078 253 3138 cui
296 3081 456 3156 Respondit
477 3080 622 3140 diabolus:
650 3081 733 3140 Nosti
755 3085 849 3140 castra
869 3082 965 3142 vicina
985 3080 1168 3156 Wollrinburg
1184 3081 1207 3134 et

195 3165 395 3225 Drachinsclsl
438 3167 528 3240 Noui,
556 3168 655 3242 inquit.
697 3165 735 3224 Et
762 3167 824 3226 ille:
852 3167 908 3226 Per
937 3166 1024 3226 fidem
1052 3185 1143 3228 meam
1166 3163 1206 3222 tibi

195 3250 275 3322 dioc,
304 3255 328 3309 si
356 3253 447 3313 ferree
477 3260 651 3312 essentiam
674 3260 767 3312 castra
789 3271 876 3329 quam
898 3269 997 3314 eorum
1018 3259 1162 3325 montano,
1184 3254 1206 3306 ti

193 3340 222 3396 in
242 3335 290 3394 illo
312 3337 403 3416 locor)
425 3342 616 3415 mitterentur,
637 3340 687 3399 ubi
715 3345 810 3400 anima
830 3339 977 3399 Wilhelmi
999 3347 1052 3415 est,
1073 3347 1205 3414 antequam

194 3421 374 3498 supercilium
401 3429 530 3498 superius
558 3427 680 3485 inferiori
698 3429 778 3502 iungi
798 3433 911 3500 posset,
932 3425 1117 3501 bquctierent.
1155 3423 1205 3498 Quo

195 3511 280 3584 dicio,
300 3523 367 3567 mox
383 3511 577 3569 cachinnando
593 3512 750 3572 subiunxit:
771 3511 867 3571 Ardor
884 3515 938 3572 iste
952 3513 1087 3572 balneum
1100 3513 1205 3572 lacteum

193 3601 300 3669 diest,
325 3597 354 3654 iu
381 3595 476 3654 futuro
499 3595 613 3672 quando
636 3614 738 3675 corpus
765 3616 849 3658 suum
871 3601 967 3660 anima
986 3605 1127 3674 resumet,
1152 3602 1205 3654 runc

211 3764 242 3834 1)
259 3765 289 3816 in
303 3762 431 3813 inferno
448 3759 499 3810 add
516 3761 545 3812 li.
564 3719 1204 3838 -2J13iecri.·-3)c'l²⁸vellequenens.

192 3825 208 3846 ⁴
232 3883 234 3890 ,
261 3861 294 3876 .-
312 3831 344 3899 4)
363 3828 384 3882 G
401 3830 513 3897 igitur.
535 3859 565 3870 -
585 3831 616 3900 5)
635 3831 655 3884 li
672 3831 763 3886 illum
781 3834 894 3890 locum.
