<?xml version="1.0" encoding="UTF-8"?>
<!DOCTYPE html PUBLIC "-//W3C//DTD XHTML 1.0 Transitional//EN"
    "http://www.w3.org/TR/xhtml1/DTD/xhtml1-transitional.dtd">
<html xmlns="http://www.w3.org/1999/xhtml" xml:lang="en" lang="en">
 <head>
  <title>
</title>
<meta http-equiv="Content-Type" content="text/html;charset=utf-8" />
  <meta name='ocr-system' content='tesseract 3.04.00' />
  <meta name='ocr-capabilities' content='ocr_page ocr_carea ocr_par ocr_line ocrx_word'/>
</head>
<body>
  <div class='ocr_page' id='page_1' title='image "./caesariiheister02stragoog_0207.png"; bbox 0 0 2506 4254; ppageno 0'>
   <div class='ocr_carea' id='block_1_1' title="bbox 164 263 858 354">
    <p class='ocr_par' dir='ltr' id='par_1_1' title="bbox 164 263 858 354">
     <span class='ocr_line' id='line_1_1' title="bbox 164 263 858 354; baseline -0.001 -24"><span class='ocrx_word' id='word_1_1' title='bbox 164 271 224 331; x_wconf 81' lang='lat' dir='ltr'><strong>roc</strong></span> <span class='ocrx_word' id='word_1_2' title='bbox 309 335 316 354; x_wconf 18' lang='lat' dir='ltr'>N</span> <span class='ocrx_word' id='word_1_3' title='bbox 496 263 725 330; x_wconf 78' lang='lat' dir='ltr'><strong>nmnmcuro</strong></span> <span class='ocrx_word' id='word_1_4' title='bbox 746 265 858 330; x_wconf 77' lang='lat' dir='ltr'><strong>nonu</strong></span> 
     </span>
    </p>
   </div>
   <div class='ocr_carea' id='block_1_2' title="bbox 156 387 1182 817">
    <p class='ocr_par' dir='ltr' id='par_1_2' title="bbox 156 387 1182 817">
     <span class='ocr_line' id='line_1_2' title="bbox 156 387 1180 471; baseline -0.009 -14"><span class='ocrx_word' id='word_1_5' title='bbox 156 393 271 457; x_wconf 71' lang='lat' dir='ltr'><strong>,Menae</strong></span> <span class='ocrx_word' id='word_1_6' title='bbox 281 387 299 471; x_wconf 84' lang='lat'><strong>¹)</strong></span> <span class='ocrx_word' id='word_1_7' title='bbox 328 392 378 468; x_wconf 89' lang='lat' dir='ltr'><strong>qui</strong></span> <span class='ocrx_word' id='word_1_8' title='bbox 404 395 488 468; x_wconf 87' lang='lat' dir='ltr'><strong>pater</strong></span> <span class='ocrx_word' id='word_1_9' title='bbox 515 393 576 451; x_wconf 88' lang='lat' dir='ltr'><strong>eius</strong></span> <span class='ocrx_word' id='word_1_10' title='bbox 602 390 696 450; x_wconf 83' lang='lat' dir='ltr'><strong>tuerat</strong></span> <span class='ocrx_word' id='word_1_11' title='bbox 722 389 895 466; x_wconf 84' lang='lat' dir='ltr'><strong>spiritualis,</strong></span> <span class='ocrx_word' id='word_1_12' title='bbox 922 396 1010 468; x_wconf 84' lang='lat' dir='ltr'><strong>atque</strong></span> <span class='ocrx_word' id='word_1_13' title='bbox 1039 388 1180 466; x_wconf 75' lang='lat' dir='ltr'><strong>comesor,</strong></span> 
     </span>
     <span class='ocr_line' id='line_1_3' title="bbox 159 477 1182 556; baseline -0.003 -17"><span class='ocrx_word' id='word_1_14' title='bbox 159 485 227 556; x_wconf 90' lang='lat' dir='ltr'><strong>poet</strong></span> <span class='ocrx_word' id='word_1_15' title='bbox 242 478 418 554; x_wconf 80' lang='lat' dir='ltr'><strong>sepulturam</strong></span> <span class='ocrx_word' id='word_1_16' title='bbox 431 481 492 538; x_wconf 91' lang='lat' dir='ltr'><strong>eius</strong></span> <span class='ocrx_word' id='word_1_17' title='bbox 505 477 638 538; x_wconf 87' lang='lat' dir='ltr'><strong>omnibus</strong></span> <span class='ocrx_word' id='word_1_18' title='bbox 650 480 699 553; x_wconf 89' lang='lat' dir='ltr'><strong>qui</strong></span> <span class='ocrx_word' id='word_1_19' title='bbox 721 477 916 538; x_wconf 82' lang='lat' dir='ltr'><strong>confluxerant</strong></span> <span class='ocrx_word' id='word_1_20' title='bbox 935 477 1057 538; x_wconf 85' lang='lat' dir='ltr'><strong>eandem</strong></span> <span class='ocrx_word' id='word_1_21' title='bbox 1076 479 1182 554; x_wconf 80' lang='lat' dir='ltr'><strong>gradem</strong></span> 
     </span>
     <span class='ocr_line' id='line_1_4' title="bbox 159 563 1182 645; baseline -0.006 -18"><span class='ocrx_word' id='word_1_22' title='bbox 159 565 343 645; x_wconf 83' lang='lat' dir='ltr'><strong>praedicavit</strong></span> <span class='ocrx_word' id='word_1_23' title='bbox 384 564 588 626; x_wconf 79' lang='lat' dir='ltr'><strong>NOVIOIUS:</strong></span> <span class='ocrx_word' id='word_1_24' title='bbox 616 565 649 624; x_wconf 85' lang='lat' dir='ltr'><strong>Si</strong></span> <span class='ocrx_word' id='word_1_25' title='bbox 678 564 714 624; x_wconf 92' lang='lat' dir='ltr'><strong>de</strong></span> <span class='ocrx_word' id='word_1_26' title='bbox 743 563 1016 639; x_wconf 74' lang='lat' dir='ltr'><strong>cadaverelconis,</strong></span> <span class='ocrx_word' id='word_1_27' title='bbox 1042 570 1075 622; x_wconf 92' lang='lat' dir='ltr'><strong>nt</strong></span> <span class='ocrx_word' id='word_1_28' title='bbox 1094 565 1182 642; x_wconf 78' lang='lat' dir='ltr'><strong>legitur</strong></span> 
     </span>
     <span class='ocr_line' id='line_1_5' title="bbox 159 649 1181 730; baseline -0.004 -16"><span class='ocrx_word' id='word_1_29' title='bbox 159 656 189 714; x_wconf 91' lang='lat' dir='ltr'><strong>in</strong></span> <span class='ocrx_word' id='word_1_30' title='bbox 209 652 362 727; x_wconf 89' lang='lat' dir='ltr'><strong>Judicum,</strong></span> <span class='ocrx_word' id='word_1_31' title='bbox 391 669 506 730; x_wconf 84' lang='lat' dir='ltr'><strong>egressa</strong></span> <span class='ocrx_word' id='word_1_32' title='bbox 534 657 579 711; x_wconf 91' lang='lat' dir='ltr'><strong>est</strong></span> <span class='ocrx_word' id='word_1_33' title='bbox 600 649 739 723; x_wconf 89' lang='lat' dir='ltr'><strong>dulcedo,</strong></span> <span class='ocrx_word' id='word_1_34' title='bbox 765 669 824 712; x_wconf 94' lang='lat' dir='ltr'><strong>non</strong></span> <span class='ocrx_word' id='word_1_35' title='bbox 844 654 931 710; x_wconf 86' lang='lat' dir='ltr'><strong>miror</strong></span> <span class='ocrx_word' id='word_1_36' title='bbox 958 653 984 711; x_wconf 87' lang='lat' dir='ltr'><strong>si</strong></span> <span class='ocrx_word' id='word_1_37' title='bbox 1015 649 1050 712; x_wconf 90' lang='lat' dir='ltr'><strong>de</strong></span> <span class='ocrx_word' id='word_1_38' title='bbox 1080 665 1181 726; x_wconf 87' lang='lat' dir='ltr'><strong>corporo</strong></span> 
     </span>
     <span class='ocr_line' id='line_1_6' title="bbox 160 735 1181 817; baseline -0.004 -17"><span class='ocrx_word' id='word_1_39' title='bbox 160 741 264 800; x_wconf 73' lang='lat' dir='ltr'><strong>Christi</strong></span> <span class='ocrx_word' id='word_1_40' title='bbox 287 742 336 816; x_wconf 88' lang='lat' dir='ltr'><strong>qni</strong></span> <span class='ocrx_word' id='word_1_41' title='bbox 355 745 399 800; x_wconf 88' lang='lat' dir='ltr'><strong>est</strong></span> <span class='ocrx_word' id='word_1_42' title='bbox 418 740 465 799; x_wconf 91' lang='lat' dir='ltr'><strong>leo</strong></span> <span class='ocrx_word' id='word_1_43' title='bbox 487 738 523 797; x_wconf 94' lang='lat' dir='ltr'><strong>de</strong></span> <span class='ocrx_word' id='word_1_44' title='bbox 544 737 621 798; x_wconf 89' lang='lat' dir='ltr'><strong>tribu</strong></span> <span class='ocrx_word' id='word_1_45' title='bbox 642 735 761 817; x_wconf 68' lang='lat' dir='ltr'><strong>Jndu2),</strong></span> <span class='ocrx_word' id='word_1_46' title='bbox 783 738 905 798; x_wconf 90' lang='lat' dir='ltr'><strong>dulcedo</strong></span> <span class='ocrx_word' id='word_1_47' title='bbox 928 737 1079 816; x_wconf 79' lang='lat' dir='ltr'><strong>egreditur.</strong></span> <span class='ocrx_word' id='word_1_48' title='bbox 1117 735 1181 796; x_wconf 83' lang='lat' dir='ltr'><strong>Mo·</strong></span> 
     </span>
    </p>
   </div>
   <div class='ocr_carea' id='block_1_3' title="bbox 70 824 1181 902">
    <p class='ocr_par' dir='ltr' id='par_1_3' title="bbox 70 824 1181 902">
     <span class='ocr_line' id='line_1_7' title="bbox 70 824 1181 902; baseline -0.003 -15"><span class='ocrx_word' id='word_1_49' title='bbox 70 832 75 861; x_wconf 73' lang='lat'><strong>¹·</strong></span> <span class='ocrx_word' id='word_1_50' title='bbox 159 825 332 887; x_wconf 81' lang='lat' dir='ltr'><strong>NAOHUS:</strong></span> <span class='ocrx_word' id='word_1_51' title='bbox 363 826 449 886; x_wconf 86' lang='lat' dir='ltr'><strong>Juste</strong></span> <span class='ocrx_word' id='word_1_52' title='bbox 471 828 602 885; x_wconf 84' lang='lat' dir='ltr'><strong>moveris.</strong></span> <span class='ocrx_word' id='word_1_53' title='bbox 653 825 776 885; x_wconf 86' lang='lat' dir='ltr'><strong>Videtur</strong></span> <span class='ocrx_word' id='word_1_54' title='bbox 807 824 875 885; x_wconf 90' lang='lat' dir='ltr'><strong>huic</strong></span> <span class='ocrx_word' id='word_1_55' title='bbox 903 826 1007 886; x_wconf 82' lang='lat' dir='ltr'><strong>beotee</strong></span> <span class='ocrx_word' id='word_1_56' title='bbox 1036 827 1181 902; x_wconf 73' lang='lat' dir='ltr'><strong>congresse</strong></span> 
     </span>
    </p>
   </div>
   <div class='ocr_carea' id='block_1_4' title="bbox 156 909 1181 2294">
    <p class='ocr_par' dir='ltr' id='par_1_4' title="bbox 156 909 1181 2294">
     <span class='ocr_line' id='line_1_8' title="bbox 158 909 1181 991; baseline -0.005 -16"><span class='ocrx_word' id='word_1_57' title='bbox 158 913 229 975; x_wconf 90' lang='lat' dir='ltr'><strong>illud</strong></span> <span class='ocrx_word' id='word_1_58' title='bbox 254 916 354 991; x_wconf 78' lang='lat' dir='ltr'>sponsi</span> <span class='ocrx_word' id='word_1_59' title='bbox 380 916 409 972; x_wconf 90' lang='lat' dir='ltr'><strong>in</strong></span> <span class='ocrx_word' id='word_1_60' title='bbox 439 913 564 973; x_wconf 77' lang='lat' dir='ltr'><strong>canticis</strong></span> <span class='ocrx_word' id='word_1_61' title='bbox 593 911 792 984; x_wconf 75' lang='lat' dir='ltr'><strong>canticorum:</strong></span> <span class='ocrx_word' id='word_1_62' title='bbox 821 912 925 972; x_wconf 80' lang='lat' dir='ltr'><strong>Funus</strong></span> <span class='ocrx_word' id='word_1_63' title='bbox 952 913 1096 972; x_wconf 67' lang='lat' dir='ltr'><strong>decim</strong></span> <span class='ocrx_word' id='word_1_64' title='bbox 1115 909 1181 970; x_wconf 83' lang='lat' dir='ltr'><strong>lubio</strong></span> 
     </span>
     <span class='ocr_line' id='line_1_9' title="bbox 159 995 1180 1077; baseline -0.006 -15"><span class='ocrx_word' id='word_1_65' title='bbox 159 1009 214 1062; x_wconf 81' lang='lat' dir='ltr'><strong>tua</strong></span> <span class='ocrx_word' id='word_1_66' title='bbox 235 997 386 1077; x_wconf 64' lang='lat' dir='ltr'><strong>sporum),</strong></span> <span class='ocrx_word' id='word_1_67' title='bbox 407 1001 563 1073; x_wconf 86' lang='lat' dir='ltr'><strong>subaudis,</strong></span> <span class='ocrx_word' id='word_1_68' title='bbox 586 999 702 1066; x_wconf 88' lang='lat' dir='ltr'><strong>esttibi</strong></span> <span class='ocrx_word' id='word_1_69' title='bbox 724 1015 827 1075; x_wconf 85' lang='lat' dir='ltr'><strong>corpus</strong></span> <span class='ocrx_word' id='word_1_70' title='bbox 848 1015 953 1058; x_wconf 89' lang='lat' dir='ltr'><strong>mcum.</strong></span> <span class='ocrx_word' id='word_1_71' title='bbox 996 995 1180 1060; x_wconf 79' lang='lat' dir='ltr'>NOVICIUS:</span> 
     </span>
     <span class='ocr_line' id='line_1_10' title="bbox 159 1085 1180 1166; baseline -0.005 -17"><span class='ocrx_word' id='word_1_72' title='bbox 159 1087 242 1166; x_wconf 89' lang='lat' dir='ltr'><strong>Quae</strong></span> <span class='ocrx_word' id='word_1_73' title='bbox 263 1088 315 1146; x_wconf 91' lang='lat' dir='ltr'><strong>tibi</strong></span> <span class='ocrx_word' id='word_1_74' title='bbox 336 1087 450 1146; x_wconf 86' lang='lat' dir='ltr'><strong>videtur</strong></span> <span class='ocrx_word' id='word_1_75' title='bbox 476 1087 562 1146; x_wconf 84' lang='lat' dir='ltr'><strong>luisse</strong></span> <span class='ocrx_word' id='word_1_76' title='bbox 584 1103 671 1146; x_wconf 85' lang='lat' dir='ltr'><strong>causa</strong></span> <span class='ocrx_word' id='word_1_77' title='bbox 692 1085 767 1145; x_wconf 92' lang='lat' dir='ltr'><strong>illius</strong></span> <span class='ocrx_word' id='word_1_78' title='bbox 790 1085 947 1146; x_wconf 86' lang='lat' dir='ltr'><strong>dulcedinis</strong></span> <span class='ocrx_word' id='word_1_79' title='bbox 966 1087 997 1145; x_wconf 91' lang='lat' dir='ltr'><strong>in</strong></span> <span class='ocrx_word' id='word_1_80' title='bbox 1019 1089 1180 1146; x_wconf 84' lang='lat' dir='ltr'><strong>sacramento</strong></span> 
     </span>
     <span class='ocr_line' id='line_1_11' title="bbox 158 1171 1180 1252; baseline -0.004 -18"><span class='ocrx_word' id='word_1_81' title='bbox 158 1181 246 1252; x_wconf 87' lang='lat' dir='ltr'><strong>atque</strong></span> <span class='ocrx_word' id='word_1_82' title='bbox 262 1172 492 1248; x_wconf 67' lang='lat' dir='ltr'><strong>liquefactionis?</strong></span> <span class='ocrx_word' id='word_1_83' title='bbox 535 1171 771 1232; x_wconf 79' lang='lat' dir='ltr'>MONACHUS:</span> <span class='ocrx_word' id='word_1_84' title='bbox 793 1171 889 1232; x_wconf 87' lang='lat' dir='ltr'><strong>Ardor</strong></span> <span class='ocrx_word' id='word_1_85' title='bbox 909 1173 1053 1248; x_wconf 83' lang='lat' dir='ltr'><strong>perlectae</strong></span> <span class='ocrx_word' id='word_1_86' title='bbox 1074 1173 1180 1232; x_wconf 76' lang='lat' dir='ltr'><strong>caritst&#39;u</strong></span> 
     </span>
     <span class='ocr_line' id='line_1_12' title="bbox 158 1257 1180 1341; baseline -0.005 -20"><span class='ocrx_word' id='word_1_87' title='bbox 158 1280 218 1338; x_wconf 86' lang='lat' dir='ltr'><strong>que</strong></span> <span class='ocrx_word' id='word_1_88' title='bbox 245 1257 433 1341; x_wconf 71' lang='lat' dir='ltr'><strong>aestuabat‘).</strong></span> <span class='ocrx_word' id='word_1_89' title='bbox 475 1259 551 1319; x_wconf 89' lang='lat' dir='ltr'><strong>Nam</strong></span> <span class='ocrx_word' id='word_1_90' title='bbox 580 1276 646 1319; x_wconf 92' lang='lat' dir='ltr'><strong>oum</strong></span> <span class='ocrx_word' id='word_1_91' title='bbox 675 1265 750 1318; x_wconf 90' lang='lat' dir='ltr'><strong>essct</strong></span> <span class='ocrx_word' id='word_1_92' title='bbox 777 1259 942 1319; x_wconf 84' lang='lat' dir='ltr'><strong>naturaliter</strong></span> <span class='ocrx_word' id='word_1_93' title='bbox 968 1259 1018 1318; x_wconf 80' lang='lat' dir='ltr'><strong>vel</strong></span> <span class='ocrx_word' id='word_1_94' title='bbox 1046 1261 1134 1336; x_wconf 88' lang='lat' dir='ltr'><strong>potius</strong></span> <span class='ocrx_word' id='word_1_95' title='bbox 1152 1273 1180 1316; x_wconf 87' lang='lat' dir='ltr'><strong>ex</strong></span> 
     </span>
     <span class='ocr_line' id='line_1_13' title="bbox 158 1344 1180 1422; baseline -0.009 -12"><span class='ocrx_word' id='word_1_96' title='bbox 158 1349 331 1410; x_wconf 78' lang='lat' dir='ltr'><strong>abstinentia</strong></span> <span class='ocrx_word' id='word_1_97' title='bbox 371 1353 400 1407; x_wconf 94' lang='lat' dir='ltr'><strong>et</strong></span> <span class='ocrx_word' id='word_1_98' title='bbox 438 1346 584 1406; x_wconf 84' lang='lat' dir='ltr'><strong>laboribus</strong></span> <span class='ocrx_word' id='word_1_99' title='bbox 620 1363 734 1422; x_wconf 84' lang='lat' dir='ltr'><strong>semper</strong></span> <span class='ocrx_word' id='word_1_100' title='bbox 771 1347 877 1422; x_wconf 87' lang='lat' dir='ltr'><strong>pallida</strong></span> <span class='ocrx_word' id='word_1_101' title='bbox 910 1352 998 1422; x_wconf 90' lang='lat' dir='ltr'><strong>atque</strong></span> <span class='ocrx_word' id='word_1_102' title='bbox 1031 1344 1180 1417; x_wconf 79' lang='lat' dir='ltr'><strong>moclena,</strong></span> 
     </span>
     <span class='ocr_line' id='line_1_14' title="bbox 158 1431 1181 1512; baseline -0.004 -18"><span class='ocrx_word' id='word_1_103' title='bbox 158 1437 289 1512; x_wconf 89' lang='lat' dir='ltr'><strong>quotiens</strong></span> <span class='ocrx_word' id='word_1_104' title='bbox 304 1451 368 1493; x_wconf 89' lang='lat' dir='ltr'><strong>eam</strong></span> <span class='ocrx_word' id='word_1_105' title='bbox 379 1435 588 1492; x_wconf 90' lang='lat' dir='ltr'><strong>communicare</strong></span> <span class='ocrx_word' id='word_1_106' title='bbox 603 1435 728 1510; x_wconf 80' lang='lat' dir='ltr'><strong>contigit,</strong></span> <span class='ocrx_word' id='word_1_107' title='bbox 749 1435 790 1492; x_wconf 88' lang='lat' dir='ltr'><strong>ita</strong></span> <span class='ocrx_word' id='word_1_108' title='bbox 806 1433 1037 1492; x_wconf 85' lang='lat' dir='ltr'><strong>inflammabatur</strong></span> <span class='ocrx_word' id='word_1_109' title='bbox 1058 1439 1089 1492; x_wconf 92' lang='lat' dir='ltr'><strong>ut</strong></span> <span class='ocrx_word' id='word_1_110' title='bbox 1106 1431 1181 1491; x_wconf 84' lang='lat' dir='ltr'><strong>iacies</strong></span> 
     </span>
     <span class='ocr_line' id='line_1_15' title="bbox 157 1515 1180 1602; baseline -0.008 -20"><span class='ocrx_word' id='word_1_111' title='bbox 157 1517 261 1602; x_wconf 68' lang='lat' dir='ltr'><strong>iliiuse)</strong></span> <span class='ocrx_word' id='word_1_112' title='bbox 290 1523 373 1598; x_wconf 80' lang='lat' dir='ltr'><strong>igneo</strong></span> <span class='ocrx_word' id='word_1_113' title='bbox 403 1521 498 1580; x_wconf 88' lang='lat' dir='ltr'><strong>colore</strong></span> <span class='ocrx_word' id='word_1_114' title='bbox 530 1517 732 1596; x_wconf 85' lang='lat' dir='ltr'><strong>resplenderet.</strong></span> <span class='ocrx_word' id='word_1_115' title='bbox 788 1519 906 1597; x_wconf 83' lang='lat' dir='ltr'><strong>Legitur</strong></span> <span class='ocrx_word' id='word_1_116' title='bbox 932 1521 962 1578; x_wconf 95' lang='lat' dir='ltr'><strong>in</strong></span> <span class='ocrx_word' id='word_1_117' title='bbox 990 1519 1089 1578; x_wconf 83' lang='lat' dir='ltr'><strong>Exodo</strong></span> <span class='ocrx_word' id='word_1_118' title='bbox 1115 1515 1180 1593; x_wconf 90' lang='lat' dir='ltr'><strong>quod</strong></span> 
     </span>
     <span class='ocr_line' id='line_1_16' title="bbox 157 1603 1180 1688; baseline -0.003 -21"><span class='ocrx_word' id='word_1_119' title='bbox 157 1608 347 1669; x_wconf 80' lang='lat' dir='ltr'><strong>incalescente</strong></span> <span class='ocrx_word' id='word_1_120' title='bbox 376 1608 437 1668; x_wconf 90' lang='lat' dir='ltr'><strong>sole</strong></span> <span class='ocrx_word' id='word_1_121' title='bbox 466 1607 631 1682; x_wconf 83' lang='lat' dir='ltr'><strong>liquefiebat</strong></span> <span class='ocrx_word' id='word_1_122' title='bbox 657 1603 801 1688; x_wconf 81' lang='lat' dir='ltr'><strong>manna⁶).</strong></span> <span class='ocrx_word' id='word_1_123' title='bbox 843 1607 953 1667; x_wconf 87' lang='lat' dir='ltr'><strong>Manna</strong></span> <span class='ocrx_word' id='word_1_124' title='bbox 981 1624 1035 1666; x_wconf 91' lang='lat' dir='ltr'><strong>sua</strong></span> <span class='ocrx_word' id='word_1_125' title='bbox 1065 1604 1180 1667; x_wconf 85' lang='lat' dir='ltr'><strong>albedine</strong></span> 
     </span>
     <span class='ocr_line' id='line_1_17' title="bbox 156 1691 1180 1772; baseline -0.008 -14"><span class='ocrx_word' id='word_1_126' title='bbox 156 1703 244 1772; x_wconf 79' lang='lat' dir='ltr'><strong>atque</strong></span> <span class='ocrx_word' id='word_1_127' title='bbox 266 1694 416 1755; x_wconf 84' lang='lat' dir='ltr'><strong>dulcedine</strong></span> <span class='ocrx_word' id='word_1_128' title='bbox 437 1694 579 1772; x_wconf 81' lang='lat' dir='ltr'><strong>significat</strong></span> <span class='ocrx_word' id='word_1_129' title='bbox 601 1693 759 1769; x_wconf 82' lang='lat' dir='ltr'><strong>Christum,</strong></span> <span class='ocrx_word' id='word_1_130' title='bbox 788 1695 838 1770; x_wconf 90' lang='lat' dir='ltr'><strong>qui</strong></span> <span class='ocrx_word' id='word_1_131' title='bbox 859 1697 913 1753; x_wconf 86' lang='lat' dir='ltr'><strong>ait:</strong></span> <span class='ocrx_word' id='word_1_132' title='bbox 935 1693 1002 1769; x_wconf 82' lang='lat' dir='ltr'><strong>Epo</strong></span> <span class='ocrx_word' id='word_1_133' title='bbox 1023 1711 1088 1752; x_wconf 83' lang='lat' dir='ltr'><strong>sum</strong></span> <span class='ocrx_word' id='word_1_134' title='bbox 1106 1691 1180 1768; x_wconf 74' lang='lat' dir='ltr'><strong>parts</strong></span> 
     </span>
     <span class='ocr_line' id='line_1_18' title="bbox 156 1777 1180 1859; baseline -0.008 -15"><span class='ocrx_word' id='word_1_135' title='bbox 156 1787 250 1855; x_wconf 70' lang='lat' dir='ltr'><strong>olous</strong></span> <span class='ocrx_word' id='word_1_136' title='bbox 273 1785 324 1859; x_wconf 81' lang='lat' dir='ltr'><strong>qui</strong></span> <span class='ocrx_word' id='word_1_137' title='bbox 338 1783 373 1840; x_wconf 86' lang='lat' dir='ltr'><strong>dc</strong></span> <span class='ocrx_word' id='word_1_138' title='bbox 386 1782 465 1840; x_wconf 84' lang='lat' dir='ltr'><strong>coelo</strong></span> <span class='ocrx_word' id='word_1_139' title='bbox 478 1781 610 1840; x_wconf 69' lang='lat' dir='ltr'><strong>ducendi</strong></span> <span class='ocrx_word' id='word_1_140' title='bbox 621 1777 652 1851; x_wconf 83' lang='lat'><strong>²).</strong></span> <span class='ocrx_word' id='word_1_141' title='bbox 680 1779 728 1839; x_wconf 94' lang='lat' dir='ltr'><strong>De</strong></span> <span class='ocrx_word' id='word_1_142' title='bbox 743 1797 800 1857; x_wconf 91' lang='lat' dir='ltr'><strong>qno</strong></span> <span class='ocrx_word' id='word_1_143' title='bbox 823 1787 851 1840; x_wconf 93' lang='lat' dir='ltr'><strong>et</strong></span> <span class='ocrx_word' id='word_1_144' title='bbox 870 1783 900 1839; x_wconf 94' lang='lat' dir='ltr'><strong>in</strong></span> <span class='ocrx_word' id='word_1_145' title='bbox 920 1780 1039 1840; x_wconf 87' lang='lat' dir='ltr'><strong>Psalmo</strong></span> <span class='ocrx_word' id='word_1_146' title='bbox 1061 1781 1180 1856; x_wconf 89' lang='lat' dir='ltr'><strong>scriptum</strong></span> 
     </span>
     <span class='ocr_line' id='line_1_19' title="bbox 158 1863 1180 1944; baseline -0.011 -13"><span class='ocrx_word' id='word_1_147' title='bbox 158 1876 216 1932; x_wconf 86' lang='lat' dir='ltr'><strong>est:</strong></span> <span class='ocrx_word' id='word_1_148' title='bbox 238 1871 355 1928; x_wconf 79' lang='lat' dir='ltr'><strong>Pacem</strong></span> <span class='ocrx_word' id='word_1_149' title='bbox 375 1868 551 1944; x_wconf 79' lang='lat' dir='ltr'><strong>aopclooum</strong></span> <span class='ocrx_word' id='word_1_150' title='bbox 573 1867 766 1928; x_wconf 80' lang='lat' dir='ltr'><strong>manducauit</strong></span> <span class='ocrx_word' id='word_1_151' title='bbox 787 1865 916 1941; x_wconf 80' lang='lat' dir='ltr'><strong>leomo³).</strong></span> <span class='ocrx_word' id='word_1_152' title='bbox 959 1866 1012 1928; x_wconf 84' lang='lat' dir='ltr'><strong>Sol</strong></span> <span class='ocrx_word' id='word_1_153' title='bbox 1033 1869 1100 1944; x_wconf 87' lang='lat' dir='ltr'><strong>quia</strong></span> <span class='ocrx_word' id='word_1_154' title='bbox 1119 1863 1180 1926; x_wconf 83' lang='lat' dir='ltr'><strong>calet</strong></span> 
     </span>
     <span class='ocr_line' id='line_1_20' title="bbox 158 1951 1180 2031; baseline -0.007 -14"><span class='ocrx_word' id='word_1_155' title='bbox 158 1963 187 2018; x_wconf 90' lang='lat' dir='ltr'><strong>ct</strong></span> <span class='ocrx_word' id='word_1_156' title='bbox 207 1956 361 2030; x_wconf 86' lang='lat' dir='ltr'><strong>illuminat,</strong></span> <span class='ocrx_word' id='word_1_157' title='bbox 390 1956 642 2030; x_wconf 85' lang='lat' dir='ltr'><strong>perfecta&#39;eeritas</strong></span> <span class='ocrx_word' id='word_1_158' title='bbox 665 1960 717 2014; x_wconf 84' lang='lat' dir='ltr'><strong>est</strong></span> <span class='ocrx_word' id='word_1_159' title='bbox 759 1953 791 2014; x_wconf 85' lang='lat' dir='ltr'><strong>Si</strong></span> <span class='ocrx_word' id='word_1_160' title='bbox 813 1970 881 2031; x_wconf 85' lang='lat' dir='ltr'><strong>ergo</strong></span> <span class='ocrx_word' id='word_1_161' title='bbox 903 1969 1011 2020; x_wconf 82' lang='lat' dir='ltr'><strong>manna</strong></span> <span class='ocrx_word' id='word_1_162' title='bbox 1033 1951 1180 2030; x_wconf 79' lang='lat' dir='ltr'><strong>liquefiebat</strong></span> 
     </span>
     <span class='ocr_line' id='line_1_21' title="bbox 157 2040 1180 2118; baseline -0.008 -15"><span class='ocrx_word' id='word_1_163' title='bbox 157 2043 346 2103; x_wconf 86' lang='lat' dir='ltr'><strong>incalescente</strong></span> <span class='ocrx_word' id='word_1_164' title='bbox 368 2043 441 2117; x_wconf 85' lang='lat' dir='ltr'><strong>sole,</strong></span> <span class='ocrx_word' id='word_1_165' title='bbox 465 2059 523 2100; x_wconf 89' lang='lat' dir='ltr'><strong>non</strong></span> <span class='ocrx_word' id='word_1_166' title='bbox 544 2043 647 2100; x_wconf 89' lang='lat' dir='ltr'><strong>mirum</strong></span> <span class='ocrx_word' id='word_1_167' title='bbox 668 2043 693 2100; x_wconf 92' lang='lat' dir='ltr'><strong>si</strong></span> <span class='ocrx_word' id='word_1_168' title='bbox 715 2043 774 2100; x_wconf 89' lang='lat' dir='ltr'><strong>eius</strong></span> <span class='ocrx_word' id='word_1_169' title='bbox 796 2041 987 2118; x_wconf 82' lang='lat' dir='ltr'><strong>significatum</strong></span> <span class='ocrx_word' id='word_1_170' title='bbox 1010 2040 1141 2100; x_wconf 86' lang='lat' dir='ltr'><strong>dulcescit</strong></span> <span class='ocrx_word' id='word_1_171' title='bbox 1158 2043 1180 2096; x_wconf 88' lang='lat' dir='ltr'><strong>et</strong></span> 
     </span>
     <span class='ocr_line' id='line_1_22' title="bbox 156 2127 1180 2208; baseline -0.009 -18"><span class='ocrx_word' id='word_1_172' title='bbox 156 2130 266 2208; x_wconf 88' lang='lat' dir='ltr'><strong>liquefit</strong></span> <span class='ocrx_word' id='word_1_173' title='bbox 291 2129 487 2190; x_wconf 88' lang='lat' dir='ltr'><strong>inardescente</strong></span> <span class='ocrx_word' id='word_1_174' title='bbox 514 2131 641 2190; x_wconf 85' lang='lat' dir='ltr'><strong>caritate.</strong></span> <span class='ocrx_word' id='word_1_175' title='bbox 683 2127 722 2187; x_wconf 88' lang='lat' dir='ltr'><strong>Et</strong></span> <span class='ocrx_word' id='word_1_176' title='bbox 749 2127 815 2188; x_wconf 90' lang='lat' dir='ltr'><strong>licet</strong></span> <span class='ocrx_word' id='word_1_177' title='bbox 841 2131 871 2188; x_wconf 93' lang='lat' dir='ltr'><strong>in</strong></span> <span class='ocrx_word' id='word_1_178' title='bbox 892 2145 975 2188; x_wconf 88' lang='lat' dir='ltr'><strong>sacra</strong></span> <span class='ocrx_word' id='word_1_179' title='bbox 998 2128 1180 2188; x_wconf 90' lang='lat' dir='ltr'><strong>communione</strong></span> 
     </span>
     <span class='ocr_line' id='line_1_23' title="bbox 156 2215 1178 2294; baseline -0.009 -17"><span class='ocrx_word' id='word_1_180' title='bbox 156 2217 320 2278; x_wconf 88' lang='lat' dir='ltr'><strong>huiusmodi</strong></span> <span class='ocrx_word' id='word_1_181' title='bbox 348 2216 469 2276; x_wconf 90' lang='lat' dir='ltr'><strong>dulcedo</strong></span> <span class='ocrx_word' id='word_1_182' title='bbox 498 2215 652 2294; x_wconf 82' lang='lat' dir='ltr'><strong>corporalis</strong></span> <span class='ocrx_word' id='word_1_183' title='bbox 674 2217 735 2274; x_wconf 87' lang='lat' dir='ltr'><strong>sive</strong></span> <span class='ocrx_word' id='word_1_184' title='bbox 756 2215 919 2292; x_wconf 87' lang='lat' dir='ltr'><strong>liquefactio</strong></span> <span class='ocrx_word' id='word_1_185' title='bbox 947 2217 984 2274; x_wconf 92' lang='lat' dir='ltr'><strong>sit</strong></span> <span class='ocrx_word' id='word_1_186' title='bbox 1005 2217 1106 2288; x_wconf 78' lang='lat' dir='ltr'><strong>cedor,</strong></span> <span class='ocrx_word' id='word_1_187' title='bbox 1131 2227 1178 2270; x_wconf 92' lang='lat' dir='ltr'><strong>non</strong></span> 
     </span>
    </p>
   </div>
   <div class='ocr_carea' id='block_1_5' title="bbox 58 2299 1180 2379">
    <p class='ocr_par' dir='ltr' id='par_1_5' title="bbox 58 2299 1180 2379">
     <span class='ocr_line' id='line_1_24' title="bbox 58 2299 1180 2379; baseline -0.01 -13"><span class='ocrx_word' id='word_1_188' title='bbox 58 2335 69 2355; x_wconf 83' lang='lat'><em>·</em></span> <span class='ocrx_word' id='word_1_189' title='bbox 156 2312 254 2366; x_wconf 90' lang='lat' dir='ltr'><strong>tamen</strong></span> <span class='ocrx_word' id='word_1_190' title='bbox 275 2322 310 2364; x_wconf 88' lang='lat' dir='ltr'><strong>ea</strong></span> <span class='ocrx_word' id='word_1_191' title='bbox 332 2303 481 2364; x_wconf 89' lang='lat' dir='ltr'><strong>dulcedine</strong></span> <span class='ocrx_word' id='word_1_192' title='bbox 502 2321 554 2363; x_wconf 92' lang='lat' dir='ltr'><strong>seu</strong></span> <span class='ocrx_word' id='word_1_193' title='bbox 569 2302 774 2377; x_wconf 82' lang='lat' dir='ltr'><strong>‘liquefactione</strong></span> <span class='ocrx_word' id='word_1_194' title='bbox 796 2320 870 2379; x_wconf 91' lang='lat' dir='ltr'><strong>qnae</strong></span> <span class='ocrx_word' id='word_1_195' title='bbox 891 2304 920 2360; x_wconf 92' lang='lat' dir='ltr'><strong>in</strong></span> <span class='ocrx_word' id='word_1_196' title='bbox 942 2303 1038 2362; x_wconf 85' lang='lat' dir='ltr'><strong>anime</strong></span> <span class='ocrx_word' id='word_1_197' title='bbox 1059 2299 1090 2360; x_wconf 88' lang='lat' dir='ltr'><strong>fit</strong></span> <span class='ocrx_word' id='word_1_198' title='bbox 1109 2299 1180 2376; x_wconf 87' lang='lat' dir='ltr'><strong>spiri·</strong></span> 
     </span>
    </p>
   </div>
   <div class='ocr_carea' id='block_1_6' title="bbox 155 2385 1180 2727">
    <p class='ocr_par' dir='ltr' id='par_1_6' title="bbox 155 2385 1180 2727">
     <span class='ocr_line' id='line_1_25' title="bbox 157 2385 1180 2467; baseline -0.009 -16"><span class='ocrx_word' id='word_1_199' title='bbox 157 2392 283 2467; x_wconf 88' lang='lat' dir='ltr'><strong>tualiter,</strong></span> <span class='ocrx_word' id='word_1_200' title='bbox 306 2397 349 2451; x_wconf 91' lang='lat' dir='ltr'><strong>est</strong></span> <span class='ocrx_word' id='word_1_201' title='bbox 370 2390 518 2450; x_wconf 83' lang='lat' dir='ltr'><strong>salubrior.</strong></span> <span class='ocrx_word' id='word_1_202' title='bbox 561 2389 642 2460; x_wconf 81' lang='lat' dir='ltr'><strong>Bene</strong></span> <span class='ocrx_word' id='word_1_203' title='bbox 665 2387 768 2448; x_wconf 86' lang='lat' dir='ltr'><strong>Christi</strong></span> <span class='ocrx_word' id='word_1_204' title='bbox 790 2387 968 2448; x_wconf 90' lang='lat' dir='ltr'><strong>dulcedinem</strong></span> <span class='ocrx_word' id='word_1_205' title='bbox 991 2394 1123 2462; x_wconf 82' lang='lat' dir='ltr'><strong>senserat,</strong></span> <span class='ocrx_word' id='word_1_206' title='bbox 1140 2385 1180 2461; x_wconf 89' lang='lat' dir='ltr'><strong>qui</strong></span> 
     </span>
     <span class='ocr_line' id='line_1_26' title="bbox 156 2473 1180 2558; baseline -0.007 -20"><span class='ocrx_word' id='word_1_207' title='bbox 156 2480 211 2538; x_wconf 88' lang='lat' dir='ltr'><strong>ait:</strong></span> <span class='ocrx_word' id='word_1_208' title='bbox 233 2479 338 2558; x_wconf 78' lang='lat' dir='ltr'><strong>Dulcte</strong></span> <span class='ocrx_word' id='word_1_209' title='bbox 352 2484 380 2536; x_wconf 86' lang='lat' dir='ltr'><strong>ct</strong></span> <span class='ocrx_word' id='word_1_210' title='bbox 393 2484 489 2536; x_wconf 81' lang='lat' dir='ltr'><strong>rectus</strong></span> <span class='ocrx_word' id='word_1_211' title='bbox 503 2477 660 2536; x_wconf 78' lang='lat' dir='ltr'><strong>Dominum.</strong></span> <span class='ocrx_word' id='word_1_212' title='bbox 702 2475 741 2535; x_wconf 89' lang='lat' dir='ltr'><strong>Et</strong></span> <span class='ocrx_word' id='word_1_213' title='bbox 754 2477 783 2533; x_wconf 94' lang='lat' dir='ltr'><strong>in</strong></span> <span class='ocrx_word' id='word_1_214' title='bbox 798 2475 853 2536; x_wconf 89' lang='lat' dir='ltr'><strong>alio</strong></span> <span class='ocrx_word' id='word_1_215' title='bbox 873 2475 951 2536; x_wconf 85' lang='lat' dir='ltr'><strong>loco:</strong></span> <span class='ocrx_word' id='word_1_216' title='bbox 977 2477 1076 2554; x_wconf 84' lang='lat' dir='ltr'><strong>Quum</strong></span> <span class='ocrx_word' id='word_1_217' title='bbox 1096 2473 1180 2533; x_wconf 83' lang='lat' dir='ltr'><strong>dulcio</strong></span> 
     </span>
     <span class='ocr_line' id='line_1_27' title="bbox 155 2555 1180 2641; baseline -0.007 -17"><span class='ocrx_word' id='word_1_218' title='bbox 155 2565 294 2641; x_wconf 60' lang='lat' dir='ltr'><strong>lacubus</strong></span> <span class='ocrx_word' id='word_1_219' title='bbox 315 2567 386 2624; x_wconf 83' lang='lat' dir='ltr'><strong>mete</strong></span> <span class='ocrx_word' id='word_1_220' title='bbox 406 2565 524 2639; x_wconf 83' lang='lat' dir='ltr'><strong>eloquia</strong></span> <span class='ocrx_word' id='word_1_221' title='bbox 547 2570 609 2636; x_wconf 82' lang='lat' dir='ltr'><strong>tou,</strong></span> <span class='ocrx_word' id='word_1_222' title='bbox 631 2580 721 2638; x_wconf 80' lang='lat' dir='ltr'><strong>super</strong></span> <span class='ocrx_word' id='word_1_223' title='bbox 741 2564 799 2622; x_wconf 86' lang='lat' dir='ltr'><strong>mel</strong></span> <span class='ocrx_word' id='word_1_224' title='bbox 821 2565 867 2620; x_wconf 78' lang='lat' dir='ltr'><strong>oct</strong></span> <span class='ocrx_word' id='word_1_225' title='bbox 887 2555 993 2636; x_wconf 66' lang='grc' dir='ltr'><strong>Μεθ’).</strong></span> <span class='ocrx_word' id='word_1_226' title='bbox 1036 2562 1081 2622; x_wconf 89' lang='grc' dir='ltr'><strong>Ι)θ</strong></span> <span class='ocrx_word' id='word_1_227' title='bbox 1100 2560 1180 2636; x_wconf 91' lang='lat' dir='ltr'><strong>lique·</strong></span> 
     </span>
     <span class='ocr_line' id='line_1_28' title="bbox 157 2647 1180 2727; baseline -0.007 -18"><span class='ocrx_word' id='word_1_228' title='bbox 157 2652 281 2712; x_wconf 82' lang='lat' dir='ltr'><strong>factione</strong></span> <span class='ocrx_word' id='word_1_229' title='bbox 303 2667 408 2727; x_wconf 90' lang='lat' dir='ltr'><strong>sponsa</strong></span> <span class='ocrx_word' id='word_1_230' title='bbox 430 2649 498 2710; x_wconf 89' lang='lat' dir='ltr'><strong>dicit</strong></span> <span class='ocrx_word' id='word_1_231' title='bbox 519 2653 547 2708; x_wconf 93' lang='lat' dir='ltr'><strong>in</strong></span> <span class='ocrx_word' id='word_1_232' title='bbox 571 2649 710 2708; x_wconf 81' lang='lat' dir='ltr'><strong>Canticis:</strong></span> <span class='ocrx_word' id='word_1_233' title='bbox 736 2651 848 2707; x_wconf 82' lang='lat' dir='ltr'><strong>Anima</strong></span> <span class='ocrx_word' id='word_1_234' title='bbox 869 2667 936 2708; x_wconf 85' lang='lat' dir='ltr'><strong>mco</strong></span> <span class='ocrx_word' id='word_1_235' title='bbox 957 2647 1115 2726; x_wconf 76' lang='lat' dir='ltr'><strong>liquefacto</strong></span> <span class='ocrx_word' id='word_1_236' title='bbox 1134 2651 1180 2716; x_wconf 81' lang='lat' dir='ltr'><strong>est,</strong></span> 
     </span>
    </p>
   </div>
   <div class='ocr_carea' id='block_1_7' title="bbox 49 2731 1180 2813">
    <p class='ocr_par' dir='ltr' id='par_1_7' title="bbox 49 2731 1180 2813">
     <span class='ocr_line' id='line_1_29' title="bbox 49 2731 1180 2813; baseline -0.013 -8"><span class='ocrx_word' id='word_1_237' title='bbox 49 2783 64 2805; x_wconf 58' lang='lat' dir='ltr'><em>s</em></span> <span class='ocrx_word' id='word_1_238' title='bbox 155 2747 191 2800; x_wconf 86' lang='lat' dir='ltr'><strong>ut</strong></span> <span class='ocrx_word' id='word_1_239' title='bbox 219 2740 340 2799; x_wconf 81' lang='lat' dir='ltr'><strong>dilectos</strong></span> <span class='ocrx_word' id='word_1_240' title='bbox 362 2738 477 2796; x_wconf 73' lang='lat' dir='ltr'><strong>locutus</strong></span> <span class='ocrx_word' id='word_1_241' title='bbox 500 2744 541 2796; x_wconf 83' lang='lat' dir='ltr'><strong>cst</strong></span> <span class='ocrx_word' id='word_1_242' title='bbox 554 2734 596 2813; x_wconf 90' lang='lat'><em>¹⁰).</em></span> <span class='ocrx_word' id='word_1_243' title='bbox 648 2734 849 2796; x_wconf 83' lang='lat' dir='ltr'>NOVICIUS:</span> <span class='ocrx_word' id='word_1_244' title='bbox 881 2734 982 2795; x_wconf 86' lang='lat' dir='ltr'><strong>Plecct</strong></span> <span class='ocrx_word' id='word_1_245' title='bbox 1011 2733 1088 2812; x_wconf 87' lang='lat' dir='ltr'><strong>quod</strong></span> <span class='ocrx_word' id='word_1_246' title='bbox 1115 2731 1180 2791; x_wconf 87' lang='lat' dir='ltr'><strong>dieis</strong></span> 
     </span>
    </p>
   </div>
   <div class='ocr_carea' id='block_1_8' title="bbox 155 2821 1182 3161">
    <p class='ocr_par' dir='ltr' id='par_1_8' title="bbox 155 2821 1182 3161">
     <span class='ocr_line' id='line_1_30' title="bbox 155 2821 1180 2899; baseline -0.006 -14"><span class='ocrx_word' id='word_1_247' title='bbox 155 2824 392 2890; x_wconf 81' lang='lat' dir='ltr'><strong>MONAOHUS:</strong></span> <span class='ocrx_word' id='word_1_248' title='bbox 428 2823 539 2899; x_wconf 82' lang='lat' dir='ltr'><strong>corpus</strong></span> <span class='ocrx_word' id='word_1_249' title='bbox 567 2823 750 2888; x_wconf 87' lang='lat' dir='ltr'><strong>Dominicpm</strong></span> <span class='ocrx_word' id='word_1_250' title='bbox 777 2839 883 2882; x_wconf 84' lang='lat' dir='ltr'><strong>manna</strong></span> <span class='ocrx_word' id='word_1_251' title='bbox 910 2828 955 2883; x_wconf 89' lang='lat' dir='ltr'><strong>est</strong></span> <span class='ocrx_word' id='word_1_252' title='bbox 981 2821 1180 2888; x_wconf 87' lang='lat' dir='ltr'><strong>absconditum,</strong></span> 
     </span>
     <span class='ocr_line' id='line_1_31' title="bbox 156 2909 1181 2984; baseline -0.006 -12"><span class='ocrx_word' id='word_1_253' title='bbox 156 2929 240 2974; x_wconf 91' lang='lat' dir='ltr'><strong>omne</strong></span> <span class='ocrx_word' id='word_1_254' title='bbox 263 2913 502 2972; x_wconf 86' lang='lat' dir='ltr'><strong>delectamentum</strong></span> <span class='ocrx_word' id='word_1_255' title='bbox 522 2913 552 2968; x_wconf 91' lang='lat' dir='ltr'><strong>in</strong></span> <span class='ocrx_word' id='word_1_256' title='bbox 570 2927 602 2970; x_wconf 89' lang='lat' dir='ltr'><strong>sc</strong></span> <span class='ocrx_word' id='word_1_257' title='bbox 622 2910 745 2984; x_wconf 87' lang='lat' dir='ltr'><strong>habens,</strong></span> <span class='ocrx_word' id='word_1_258' title='bbox 774 2916 803 2969; x_wconf 87' lang='lat' dir='ltr'><strong>et</strong></span> <span class='ocrx_word' id='word_1_259' title='bbox 823 2910 914 2970; x_wconf 86' lang='lat' dir='ltr'><strong>omnis</strong></span> <span class='ocrx_word' id='word_1_260' title='bbox 935 2911 1045 2984; x_wconf 83' lang='lat' dir='ltr'><strong>saporis</strong></span> <span class='ocrx_word' id='word_1_261' title='bbox 1066 2909 1181 2968; x_wconf 84' lang='lat' dir='ltr'><strong>suavita·</strong></span> 
     </span>
     <span class='ocr_line' id='line_1_32' title="bbox 158 2993 1181 3079; baseline -0.004 -21"><span class='ocrx_word' id='word_1_262' title='bbox 158 3005 216 3060; x_wconf 88' lang='lat' dir='ltr'><strong>tem</strong></span> <span class='ocrx_word' id='word_1_263' title='bbox 231 2997 271 3079; x_wconf 84' lang='lat'><strong>¹¹).</strong></span> <span class='ocrx_word' id='word_1_264' title='bbox 313 2996 517 3060; x_wconf 81' lang='lat' dir='ltr'>NOVICIUS:</span> <span class='ocrx_word' id='word_1_265' title='bbox 538 2996 570 3056; x_wconf 84' lang='lat' dir='ltr'><strong>Si</strong></span> <span class='ocrx_word' id='word_1_266' title='bbox 584 3003 665 3056; x_wconf 81' lang='lat' dir='ltr'><strong>tauta</strong></span> <span class='ocrx_word' id='word_1_267' title='bbox 678 2999 771 3074; x_wconf 84' lang='lat' dir='ltr'><strong>gratia</strong></span> <span class='ocrx_word' id='word_1_268' title='bbox 783 3002 828 3056; x_wconf 91' lang='lat' dir='ltr'><strong>est</strong></span> <span class='ocrx_word' id='word_1_269' title='bbox 841 2997 871 3055; x_wconf 91' lang='lat' dir='ltr'><strong>iu</strong></span> <span class='ocrx_word' id='word_1_270' title='bbox 884 3002 1065 3056; x_wconf 85' lang='lat' dir='ltr'><strong>sacramento</strong></span> <span class='ocrx_word' id='word_1_271' title='bbox 1083 2993 1181 3066; x_wconf 71' lang='lat' dir='ltr'><strong>dum,</strong></span> 
     </span>
     <span class='ocr_line' id='line_1_33' title="bbox 156 3080 1182 3161; baseline -0.006 -17"><span class='ocrx_word' id='word_1_272' title='bbox 156 3086 226 3160; x_wconf 91' lang='lat' dir='ltr'><strong>quid</strong></span> <span class='ocrx_word' id='word_1_273' title='bbox 240 3091 284 3144; x_wconf 87' lang='lat' dir='ltr'><strong>est</strong></span> <span class='ocrx_word' id='word_1_274' title='bbox 298 3087 376 3161; x_wconf 89' lang='lat' dir='ltr'><strong>quod</strong></span> <span class='ocrx_word' id='word_1_275' title='bbox 386 3085 433 3145; x_wconf 89' lang='lat' dir='ltr'><strong>alii</strong></span> <span class='ocrx_word' id='word_1_276' title='bbox 443 3085 506 3144; x_wconf 88' lang='lat' dir='ltr'><strong>aliis</strong></span> <span class='ocrx_word' id='word_1_277' title='bbox 518 3086 609 3144; x_wconf 86' lang='lat' dir='ltr'><strong>rarius</strong></span> <span class='ocrx_word' id='word_1_278' title='bbox 620 3083 851 3144; x_wconf 82' lang='lat' dir='ltr'><strong>communicant?</strong></span> <span class='ocrx_word' id='word_1_279' title='bbox 872 3081 1108 3142; x_wconf 82' lang='lat' dir='ltr'>MONACHUS:</span> <span class='ocrx_word' id='word_1_280' title='bbox 1120 3080 1182 3158; x_wconf 80' lang='lat' dir='ltr'><strong>Qui·</strong></span> 
     </span>
    </p>
   </div>
   <div class='ocr_carea' id='block_1_9' title="bbox 155 3165 1182 3335">
    <p class='ocr_par' dir='ltr' id='par_1_9' title="bbox 155 3165 1182 3335">
     <span class='ocr_line' id='line_1_34' title="bbox 156 3165 1182 3248; baseline -0.006 -16"><span class='ocrx_word' id='word_1_281' title='bbox 156 3171 224 3232; x_wconf 85' lang='lat' dir='ltr'><strong>dem</strong></span> <span class='ocrx_word' id='word_1_282' title='bbox 251 3187 283 3230; x_wconf 91' lang='lat' dir='ltr'><strong>sc</strong></span> <span class='ocrx_word' id='word_1_283' title='bbox 310 3172 482 3232; x_wconf 84' lang='lat' dir='ltr'><strong>subtrabunt</strong></span> <span class='ocrx_word' id='word_1_284' title='bbox 508 3189 544 3232; x_wconf 88' lang='lat' dir='ltr'><strong>ex</strong></span> <span class='ocrx_word' id='word_1_285' title='bbox 565 3171 724 3230; x_wconf 87' lang='lat' dir='ltr'><strong>humilitate</strong></span> <span class='ocrx_word' id='word_1_286' title='bbox 744 3169 876 3248; x_wconf 80' lang='lat' dir='ltr'><strong>indignos</strong></span> <span class='ocrx_word' id='word_1_287' title='bbox 897 3187 929 3229; x_wconf 86' lang='lat' dir='ltr'><strong>ee</strong></span> <span class='ocrx_word' id='word_1_288' title='bbox 950 3170 1121 3246; x_wconf 62' lang='lat' dir='ltr'><strong>iudicantem</strong></span> <span class='ocrx_word' id='word_1_289' title='bbox 1143 3165 1182 3226; x_wconf 85' lang='lat' dir='ltr'><strong>alu</strong></span> 
     </span>
     <span class='ocr_line' id='line_1_35' title="bbox 155 3255 1182 3335; baseline -0.006 -17"><span class='ocrx_word' id='word_1_290' title='bbox 155 3261 249 3318; x_wconf 79' lang='lat' dir='ltr'><strong>miurus</strong></span> <span class='ocrx_word' id='word_1_291' title='bbox 270 3265 377 3334; x_wconf 81' lang='lat' dir='ltr'><strong>curent,</strong></span> <span class='ocrx_word' id='word_1_292' title='bbox 400 3259 446 3319; x_wconf 86' lang='lat' dir='ltr'><strong>vel</strong></span> <span class='ocrx_word' id='word_1_293' title='bbox 468 3265 585 3335; x_wconf 86' lang='lat' dir='ltr'><strong>propter</strong></span> <span class='ocrx_word' id='word_1_294' title='bbox 612 3275 739 3318; x_wconf 90' lang='lat' dir='ltr'><strong>morsum</strong></span> <span class='ocrx_word' id='word_1_295' title='bbox 767 3259 957 3318; x_wconf 85' lang='lat' dir='ltr'><strong>conscientiae</strong></span> <span class='ocrx_word' id='word_1_296' title='bbox 978 3255 1115 3318; x_wconf 83' lang='lat' dir='ltr'><strong>accedere</strong></span> <span class='ocrx_word' id='word_1_297' title='bbox 1133 3269 1182 3314; x_wconf 87' lang='lat' dir='ltr'><strong>nou</strong></span> 
     </span>
    </p>
   </div>
   <div class='ocr_carea' id='block_1_10' title="bbox 173 3421 1182 3916">
    <p class='ocr_par' dir='ltr' id='par_1_10' title="bbox 173 3421 1182 3916">
     <span class='ocr_line' id='line_1_36' title="bbox 173 3421 1182 3498; baseline -0.012 -16"><span class='ocrx_word' id='word_1_298' title='bbox 173 3429 205 3498; x_wconf 95' lang='grc'><strong>1)</strong></span> <span class='ocrx_word' id='word_1_299' title='bbox 222 3425 433 3494; x_wconf 76' lang='lat' dir='ltr'><strong>berieu-Campe,</strong></span> <span class='ocrx_word' id='word_1_300' title='bbox 446 3427 600 3492; x_wconf 84' lang='lat' dir='ltr'><strong>blerienield‚</strong></span> <span class='ocrx_word' id='word_1_301' title='bbox 617 3427 717 3480; x_wconf 84' lang='lat' dir='ltr'><strong>abbatie</strong></span> <span class='ocrx_word' id='word_1_302' title='bbox 728 3427 823 3481; x_wconf 85' lang='lat' dir='ltr'><strong>ordinis</strong></span> <span class='ocrx_word' id='word_1_303' title='bbox 835 3425 1018 3491; x_wconf 77' lang='lat' dir='ltr'><strong>cisterciensis,</strong></span> <span class='ocrx_word' id='word_1_304' title='bbox 1032 3423 1127 3478; x_wconf 89' lang='lat' dir='ltr'><strong>duobus</strong></span> <span class='ocrx_word' id='word_1_305' title='bbox 1138 3421 1182 3473; x_wconf 87' lang='lat' dir='ltr'><strong>lere</strong></span> 
     </span>
     <span class='ocr_line' id='line_1_37' title="bbox 223 3489 1182 3550; baseline -0.011 0"><span class='ocrx_word' id='word_1_306' title='bbox 223 3495 331 3550; x_wconf 89' lang='lat' dir='ltr'><strong>millibus</strong></span> <span class='ocrx_word' id='word_1_307' title='bbox 350 3495 381 3548; x_wconf 85' lang='lat' dir='ltr'><strong>ab</strong></span> <span class='ocrx_word' id='word_1_308' title='bbox 399 3496 461 3547; x_wconf 87' lang='lat' dir='ltr'><strong>urbe</strong></span> <span class='ocrx_word' id='word_1_309' title='bbox 474 3496 602 3548; x_wconf 85' lang='lat' dir='ltr'><strong>Bielefeld.</strong></span> <span class='ocrx_word' id='word_1_310' title='bbox 638 3497 759 3550; x_wconf 85' lang='lat' dir='ltr'><strong>Coenobii</strong></span> <span class='ocrx_word' id='word_1_311' title='bbox 776 3497 849 3550; x_wconf 85' lang='lat' dir='ltr'><strong>huius</strong></span> <span class='ocrx_word' id='word_1_312' title='bbox 862 3496 976 3548; x_wconf 89' lang='lat' dir='ltr'><strong>alumnus</strong></span> <span class='ocrx_word' id='word_1_313' title='bbox 995 3496 1042 3548; x_wconf 77' lang='lat' dir='ltr'><strong>ierit</strong></span> <span class='ocrx_word' id='word_1_314' title='bbox 1053 3489 1182 3547; x_wconf 80' lang='lat' dir='ltr'><strong>Bernardut</strong></span> 
     </span>
     <span class='ocr_line' id='line_1_38' title="bbox 223 3559 1181 3635; baseline -0.008 -15"><span class='ocrx_word' id='word_1_315' title='bbox 223 3567 315 3620; x_wconf 80' lang='lat' dir='ltr'><strong>Comes</strong></span> <span class='ocrx_word' id='word_1_316' title='bbox 333 3565 365 3616; x_wconf 86' lang='lat' dir='ltr'><strong>de</strong></span> <span class='ocrx_word' id='word_1_317' title='bbox 377 3567 463 3635; x_wconf 79' lang='lat' dir='ltr'><strong>lippa,</strong></span> <span class='ocrx_word' id='word_1_318' title='bbox 480 3576 569 3634; x_wconf 86' lang='lat' dir='ltr'><strong>postea</strong></span> <span class='ocrx_word' id='word_1_319' title='bbox 580 3567 720 3635; x_wconf 84' lang='lat' dir='ltr'><strong>Episcopus</strong></span> <span class='ocrx_word' id='word_1_320' title='bbox 738 3569 764 3620; x_wconf 89' lang='lat' dir='ltr'><strong>in</strong></span> <span class='ocrx_word' id='word_1_321' title='bbox 778 3567 889 3619; x_wconf 80' lang='lat' dir='ltr'><strong>bivonie.</strong></span> <span class='ocrx_word' id='word_1_322' title='bbox 909 3593 940 3606; x_wconf 91' lang='lat'>—</span> <span class='ocrx_word' id='word_1_323' title='bbox 960 3566 993 3633; x_wconf 82' lang='lat'><strong>2)</strong></span> <span class='ocrx_word' id='word_1_324' title='bbox 1009 3563 1091 3617; x_wconf 82' lang='lat' dir='ltr'><strong>ludio.</strong></span> <span class='ocrx_word' id='word_1_325' title='bbox 1109 3563 1147 3625; x_wconf 80' lang='grc'><strong>14,</strong></span> <span class='ocrx_word' id='word_1_326' title='bbox 1161 3559 1181 3612; x_wconf 85' lang='grc'><strong>8.</strong></span> 
     </span>
     <span class='ocr_line' id='line_1_39' title="bbox 222 3626 1181 3705; baseline -0.011 -12"><span class='ocrx_word' id='word_1_327' title='bbox 222 3641 303 3705; x_wconf 81' lang='lat' dir='ltr'><strong>Apoc.</strong></span> <span class='ocrx_word' id='word_1_328' title='bbox 322 3637 353 3700; x_wconf 81' lang='lat'><strong>5,</strong></span> <span class='ocrx_word' id='word_1_329' title='bbox 377 3640 401 3690; x_wconf 88' lang='grc'><strong>5.</strong></span> <span class='ocrx_word' id='word_1_330' title='bbox 427 3666 456 3678; x_wconf 90' lang='grc'>-</span> <span class='ocrx_word' id='word_1_331' title='bbox 482 3637 514 3704; x_wconf 85' lang='grc'><strong>3)</strong></span> <span class='ocrx_word' id='word_1_332' title='bbox 532 3635 603 3688; x_wconf 86' lang='lat' dir='ltr'><strong>Ceut.</strong></span> <span class='ocrx_word' id='word_1_333' title='bbox 628 3639 660 3698; x_wconf 85' lang='grc'><strong>4,</strong></span> <span class='ocrx_word' id='word_1_334' title='bbox 686 3638 775 3688; x_wconf 88' lang='grc'>11.-</span> <span class='ocrx_word' id='word_1_335' title='bbox 797 3633 868 3704; x_wconf 64' lang='lat' dir='ltr'><strong>bc</strong></span> <span class='ocrx_word' id='word_1_336' title='bbox 891 3633 941 3686; x_wconf 88' lang='lat' dir='ltr'><strong>add</strong></span> <span class='ocrx_word' id='word_1_337' title='bbox 965 3633 1032 3688; x_wconf 86' lang='lat' dir='ltr'><strong>illa.</strong></span> <span class='ocrx_word' id='word_1_338' title='bbox 1052 3663 1083 3673; x_wconf 93' lang='lat'>-</span> <span class='ocrx_word' id='word_1_339' title='bbox 1102 3632 1131 3696; x_wconf 88' lang='grc'><strong>5)</strong></span> <span class='ocrx_word' id='word_1_340' title='bbox 1147 3626 1181 3682; x_wconf 78' lang='grc' dir='ltr'><strong>ΒΟ</strong></span> 
     </span>
     <span class='ocr_line' id='line_1_40' title="bbox 223 3699 1182 3774; baseline -0.011 -14"><span class='ocrx_word' id='word_1_341' title='bbox 223 3710 302 3761; x_wconf 89' lang='lat' dir='ltr'><strong>cius.</strong></span> <span class='ocrx_word' id='word_1_342' title='bbox 319 3736 352 3746; x_wconf 94' lang='lat'>—</span> <span class='ocrx_word' id='word_1_343' title='bbox 371 3707 403 3773; x_wconf 87' lang='grc'><strong>6)</strong></span> <span class='ocrx_word' id='word_1_344' title='bbox 421 3705 500 3758; x_wconf 79' lang='lat' dir='ltr'><strong>Exod.</strong></span> <span class='ocrx_word' id='word_1_345' title='bbox 521 3706 566 3769; x_wconf 89' lang='grc'><strong>16,</strong></span> <span class='ocrx_word' id='word_1_346' title='bbox 588 3706 630 3759; x_wconf 88' lang='grc'><strong>21.</strong></span> <span class='ocrx_word' id='word_1_347' title='bbox 651 3736 679 3746; x_wconf 90' lang='grc'><strong>-</strong></span> <span class='ocrx_word' id='word_1_348' title='bbox 701 3707 733 3774; x_wconf 89' lang='grc'><strong>7)</strong></span> <span class='ocrx_word' id='word_1_349' title='bbox 749 3705 839 3758; x_wconf 84' lang='lat' dir='ltr'><strong>Johen.</strong></span> <span class='ocrx_word' id='word_1_350' title='bbox 858 3705 888 3768; x_wconf 87' lang='grc'><strong>6,</strong></span> <span class='ocrx_word' id='word_1_351' title='bbox 905 3706 948 3758; x_wconf 85' lang='grc'><strong>51.</strong></span> <span class='ocrx_word' id='word_1_352' title='bbox 967 3733 999 3744; x_wconf 90' lang='grc'>-</span> <span class='ocrx_word' id='word_1_353' title='bbox 1018 3704 1051 3774; x_wconf 86' lang='grc' dir='ltr'><strong>Β)</strong></span> <span class='ocrx_word' id='word_1_354' title='bbox 1069 3701 1131 3755; x_wconf 83' lang='lat' dir='ltr'><strong>Psul.</strong></span> <span class='ocrx_word' id='word_1_355' title='bbox 1147 3699 1182 3762; x_wconf 86' lang='grc'><strong>71,</strong></span> 
     </span>
     <span class='ocr_line' id='line_1_41' title="bbox 222 3769 1181 3844; baseline -0.01 -12"><span class='ocrx_word' id='word_1_356' title='bbox 222 3780 266 3832; x_wconf 80' lang='grc'><strong>25.</strong></span> <span class='ocrx_word' id='word_1_357' title='bbox 286 3806 316 3816; x_wconf 96' lang='grc'><strong>-</strong></span> <span class='ocrx_word' id='word_1_358' title='bbox 335 3776 368 3844; x_wconf 91' lang='grc'><strong>9)</strong></span> <span class='ocrx_word' id='word_1_359' title='bbox 381 3775 444 3828; x_wconf 85' lang='lat' dir='ltr'><strong>Pssl.</strong></span> <span class='ocrx_word' id='word_1_360' title='bbox 463 3776 506 3838; x_wconf 74' lang='lat'><strong>24,</strong></span> <span class='ocrx_word' id='word_1_361' title='bbox 523 3775 548 3827; x_wconf 84' lang='lat'><strong>8.</strong></span> <span class='ocrx_word' id='word_1_362' title='bbox 568 3775 627 3841; x_wconf 88' lang='grc'>118,</span> <span class='ocrx_word' id='word_1_363' title='bbox 645 3775 704 3829; x_wconf 82' lang='grc'>103.</span> <span class='ocrx_word' id='word_1_364' title='bbox 719 3803 750 3816; x_wconf 90' lang='lat'><strong>--</strong></span> <span class='ocrx_word' id='word_1_365' title='bbox 767 3775 816 3844; x_wconf 88' lang='grc'><strong>10)</strong></span> <span class='ocrx_word' id='word_1_366' title='bbox 828 3773 901 3828; x_wconf 82' lang='lat' dir='ltr'><strong>Cant.</strong></span> <span class='ocrx_word' id='word_1_367' title='bbox 920 3775 946 3839; x_wconf 81' lang='lat'><strong>5,</strong></span> <span class='ocrx_word' id='word_1_368' title='bbox 964 3773 988 3828; x_wconf 88' lang='grc'><strong>6.</strong></span> <span class='ocrx_word' id='word_1_369' title='bbox 1001 3803 1036 3814; x_wconf 87' lang='lat'><em>-</em></span> <span class='ocrx_word' id='word_1_370' title='bbox 1050 3773 1098 3842; x_wconf 87' lang='grc'><strong>11)</strong></span> <span class='ocrx_word' id='word_1_371' title='bbox 1112 3769 1181 3838; x_wconf 71' lang='lat' dir='ltr'><strong>spec</strong></span> 
     </span>
     <span class='ocr_line' id='line_1_42' title="bbox 222 3845 668 3916; baseline -0.016 -14"><span class='ocrx_word' id='word_1_372' title='bbox 222 3851 248 3916; x_wconf 82' lang='lat'><strong>2,</strong></span> <span class='ocrx_word' id='word_1_373' title='bbox 267 3849 308 3900; x_wconf 86' lang='lat'><strong>17.</strong></span> <span class='ocrx_word' id='word_1_374' title='bbox 334 3847 446 3915; x_wconf 83' lang='lat' dir='ltr'><strong>Sapient.</strong></span> <span class='ocrx_word' id='word_1_375' title='bbox 467 3845 509 3911; x_wconf 90' lang='grc'><strong>16,</strong></span> <span class='ocrx_word' id='word_1_376' title='bbox 528 3846 571 3898; x_wconf 88' lang='grc'><strong>20.</strong></span> <span class='ocrx_word' id='word_1_377' title='bbox 650 3865 668 3909; x_wconf 72' lang='lat'>0</span> 
     </span>
    </p>
   </div>
   <div class='ocr_carea' id='block_1_11' title="bbox 0 0 1258 4254">
    <p class='ocr_par' dir='ltr' id='par_1_11' title="bbox 0 0 1258 4254">
     <span class='ocr_line' id='line_1_43' title="bbox 0 0 1258 4254; baseline 0 0"><span class='ocrx_word' id='word_1_378' title='bbox 0 0 1258 4254; x_wconf 95' lang='lat' dir='ltr'><strong> </strong></span> 
     </span>
    </p>
   </div>
  </div>
 </body>
</html>
