2524 4252
174 285 237 346 356
443 279 672 348 DISTINGTIO
696 279 938 344 nuonneuul

173 403 345 482 etpedibus
367 404 493 464 crebrius
514 406 665 482 inscriptus
686 405 853 481 apparebat.
894 403 941 462 Ex
961 401 1007 462 his
1029 417 1101 478 quac
1127 399 1195 460 dictu

62 513 63 517 ¹
173 498 241 552 sunt
262 492 410 568 colligitur,
432 492 510 568 quod
531 493 605 552 sicut
622 492 704 551 Deus
725 491 882 551 secundum
905 484 1082 565 qualitatem
1091 494 1120 548 et
1132 505 1195 546 mo·

174 579 243 639 dum
264 581 345 656 punit
365 585 534 657 paccatum,
562 581 604 639 ita
624 583 786 638 remunerat
808 585 837 639 et
857 580 1007 652 meritum,
1029 575 1195 636 'marimein

173 665 228 726 illis
249 667 384 724 membris
397 667 550 726 ostendens
564 665 815 744 signumgloriae,
835 683 886 740 per
908 681 984 740 quae
1006 663 1054 723 illa
1074 667 1194 722 meretur.

174 750 378 814 noviome:
399 752 483 814 Unde
506 759 550 812 est
571 752 648 829 qnod
670 752 796 811 humana
816 757 919 811 natura
939 757 1052 812 tantum
1074 749 1196 810 abhorret

173 847 303 916 mortem,
326 857 392 904 curn
413 845 493 900 tanta
515 842 552 898 sit
564 842 588 898 ei
610 839 706 898 aDeo
727 839 819 916 gloria
840 837 1033 914 praeparata?
1073 833 1195 896 Mons-

175 926 292 987 CHUS:
318 926 386 1002 Ipse
407 927 471 986 Rex
492 927 598 1004 gloriae
620 925 708 986 Jesus
731 925 860 985 Christus
881 924 963 984 Deus
993 929 1022 984 et
1048 923 1147 999 homo,
1171 923 1195 979 iu

173 1020 286 1074 tantum
307 1012 466 1074 seeundum
487 1013 701 1073 sensualitatem
721 1019 844 1072 mortem
864 1013 1026 1087 abhorruit,
1055 1015 1086 1070 nt
1106 1012 1195 1068 timore

173 1095 248 1161 illius
269 1103 438 1177 sanguinem
459 1101 584 1160 sudaret.
626 1099 733 1159 Anima
756 1099 922 1160 naturaliter
949 1101 1059 1176 appetit
1085 1113 1147 1157 esse
1172 1097 1194 1155 in

175 1204 301 1268 corpore,
321 1204 376 1248 nec
396 1193 493 1268 potest
513 1188 550 1247 ab
572 1185 621 1246 illo
643 1189 769 1266 separari
789 1189 851 1247 sine
872 1203 979 1264 magna
1001 1185 1161 1247 acerbitate.

536 1375 769 1440 CAPITULUM
789 1377 839 1438 LI.

195 1500 246 1561 Dc
265 1517 405 1561 cennaco
427 1503 480 1576 poci
501 1499 576 1560 dicit
591 1506 697 1575 pectus
716 1517 806 1560 saum
827 1502 915 1576 quasi
935 1498 1034 1574 lupide
1054 1500 1178 1557 mammo

500 1590 599 1662 praru
619 1603 687 1646 cum
709 1593 882 1646 mmeretur.

239 1707 316 1768 Ante
338 1707 394 1768 hoe
416 1707 633 1784 quadriennium
655 1725 720 1768 cnm
734 1707 816 1766 Prior
837 1706 953 1783 qnidam
975 1703 1011 1766 de
1032 1703 1130 1764 ordine
1144 1701 1195 1760 Re-

174 1793 315 1876 gularium
336 1797 365 1854 in
387 1794 512 1872 quadum
534 1802 612 1856 curte
634 1795 798 1854 monasterii
818 1796 864 1855 sui
883 1793 1010 1870 hospites
1033 1791 1195 1868 collegisset,

175 1889 205 1942 et
224 1884 282 1941 iam
303 1898 404 1941 mensa
425 1888 500 1942 esset
520 1887 705 1958 praeparata,
732 1883 794 1957 ipse
815 1888 895 1940 tanto
917 1896 1020 1956 sopore
1042 1879 1135 1954 coepit
1159 1875 1195 1934 ui-

175 1969 231 2043 fici,
252 1975 284 2027 ut
304 1971 359 2028 nisi
380 1970 458 2029 ocius
480 1969 617 2028 dormiret
637 1976 801 2028 moreretur.
852 1967 909 2044 Qui
930 1985 996 2028 cum
1016 1968 1047 2025 in
1071 1965 1145 2026 lecto
1169 1977 1195 2022 se

175 2056 356 2130 reclinasset,
384 2073 452 2115 mox
473 2056 590 2132 quidam
615 2058 676 2115 eius
705 2073 858 2115 conversus
887 2055 935 2131 q'ui
963 2054 1045 2114 alteri
1070 2051 1196 2130 grangiae

176 2149 316 2220 praeerat,
337 2143 500 2202 dormitanti
520 2143 601 2202 affuit
622 2141 733 2203 dicens:
753 2141 877 2202 Domine
892 2159 958 2202 cum
978 2141 1093 2202 lieentia
1112 2143 1196 2198 restra

177 2230 262 2291 vado.
300 2229 339 2289 Et
358 2230 421 2290 ille:
445 2230 509 2306 Quo
531 2227 634 2289 vadis?
669 2229 830 2306 Respondit
851 2246 1019 2289 conversus:
1042 2225 1091 2286 Ad
1112 2227 1195 2286 Deum

176 2315 262 2393 vado,
283 2319 350 2392 qnia
370 2324 499 2377 mortuus
520 2335 584 2376 sum
605 2319 633 2374 in
654 2317 711 2376 hee
731 2315 812 2376 hora.
853 2315 891 2374 Et
911 2315 1008 2377 Prior:
1032 2314 1105 2374 Cum
1125 2309 1194 2371 mrrlti

175 2405 293 2482 perfecti
306 2406 359 2462 viri
380 2409 526 2464 transeant
544 2422 597 2482 per
617 2406 820 2482 purgatorium,
843 2401 911 2479 quid
933 2409 977 2461 est
997 2401 1075 2478 quod
1096 2408 1127 2459 tu
1145 2405 1194 2464 iam

177 2491 309 2550 absolute
331 2489 400 2550 diois
429 2498 457 2550 te
480 2492 575 2550 statim
597 2508 660 2550 esse
687 2493 792 2549 iturum
821 2490 859 2548 ad
887 2488 1005 2549 Deum?
1055 2487 1103 2547 Ad
1130 2481 1194 2561 qnod

176 2577 223 2638 ille
244 2577 404 2654 respondit:
425 2577 579 2638 Habebam
602 2578 836 2637 consuetudinem
857 2583 889 2635 ut
910 2579 1041 2654 quotiens
1061 2575 1194 2634 transirem

177 2681 274 2725 coram
296 2665 439 2739 crucifixo,
461 2665 536 2724 hanc
558 2664 680 2724 dicerem
702 2667 873 2724 orationem:
901 2663 1026 2723 Domine
1052 2679 1104 2739 per
1127 2657 1194 2717 illan

175 2751 393 2814 amaritudinem
416 2769 503 2827 quam
524 2753 681 2810 sustinuisti
701 2758 818 2828 propter
838 2768 885 2810 me
906 2753 936 2809 in
957 2767 1057 2824 cruce,
1085 2747 1194 2806 rnsxime

176 2839 291 2915 qriaudo
314 2841 410 2898 anima
430 2845 481 2896 tua
502 2855 617 2916 egressa
640 2843 683 2898 est
705 2838 740 2897 de
763 2855 880 2914 corpore
902 2844 969 2912 tuo,
989 2839 1121 2896 miserere
1141 2831 1193 2891 ani·

176 2942 241 2986 mae
262 2942 345 2986 meae
367 2927 397 2984 in
419 2943 535 3002 egressu
564 2942 627 2986 suo.
678 2924 717 2984 Et
747 2925 893 2986 exaudivit
921 2925 1080 2984 orationem
1112 2933 1193 2980 meam

175 3012 332 3089 Dominus,
360 3015 475 3088 meique
504 3015 635 3072 misertus
665 3017 718 3072 est.
767 3011 806 3070 Et
832 3011 902 3070 dixit
928 3011 1024 3070 Prior:
1056 3002 1192 3085 Quomodo

174 3098 228 3158 fuit
251 3102 303 3160 tibi
331 3097 481 3159 morienti?
538 3099 712 3176 Respondit:
746 3097 909 3158 Videbatur
935 3097 1005 3156 mihi
1031 3099 1061 3156 in
1089 3094 1193 3172 agonia,

176 3186 254 3262 quod
275 3193 352 3246 totus
374 3185 498 3246 mundus
520 3192 596 3246 esset
613 3185 685 3263 lapis
707 3203 790 3261 unus,
812 3191 841 3245 et
861 3190 1003 3260 premeret
1022 3189 1121 3260 pectus
1141 3193 1192 3238 me-

174 3289 234 3332 um.
275 3272 480 3334 NOVICIUS:
508 3273 608 3333 Verba
629 3274 713 3334 huius
735 3275 866 3332 conversi
889 3272 943 3330 illis
965 3270 1135 3332 concordant
1153 3265 1192 3342 qui

176 3359 275 3420 dicunt
295 3359 403 3419 nullam
424 3377 547 3436 poenam
568 3363 597 3419 in
619 3359 674 3419 hoe
689 3359 795 3418 mundo
807 3355 823 3438 ¹)
842 3353 1011 3418 amariorem
1029 3355 1192 3434 separatione

175 3449 302 3524 corporis
324 3453 353 3507 et
373 3448 495 3509 animae.
536 3445 774 3508 MONAOHUS:
796 3445 886 3506 Sicuti
907 3445 975 3506 alibi
997 3445 1070 3520 dixi,
1098 3441 1130 3502 de
1154 3441 1192 3498 iu·

175 3536 258 3596 certis
279 3551 338 3594 non
359 3533 451 3593 audeo
472 3533 606 3594 iudicare.
644 3533 710 3594 Scio
733 3533 808 3593 enim
830 3532 908 3609 quod
929 3533 980 3593 viri
1001 3530 1117 3610 perfecti
1134 3541 1191 3604 pro-

173 3629 239 3702 pter
258 3625 349 3684 vitem
363 3621 487 3682 futuram
500 3621 673 3700 quandoque
693 3619 780 3682 valde
795 3619 927 3682 ardenter
947 3618 1107 3680 desiderant
1125 3628 1191 3674 nor·

173 3717 242 3771 tem.
786 3733 792 3744 ·

193 3863 224 3932 1)
241 3861 264 3916 F
281 3861 331 3916 add
348 3877 432 3916 esse.
