2506 4254
355 227 411 288 DE
434 223 617 288 CORPORE
640 224 808 286 CHRISTI.
835 219 837 228 ’
1050 224 1115 282 203

79 347 235 410 absentiam
262 347 344 410 miles
370 349 487 426 quidam
508 349 697 409 ministerialis
719 351 792 410 bene
813 354 913 424 natus,
941 348 1046 408 multas
1067 351 1115 408 in.-

77 435 183 496 lerehat
196 439 321 512 intortas,
342 455 396 496 sna
407 434 424 517 ⁸)
446 438 500 496 sibi
513 435 687 512 usurpando,
709 443 738 496 ct
750 435 878 494 homines
899 436 938 496 ad
955 437 1115 498 Oomctiam

78 525 247 597 pertinentes
282 523 491 599 depraedando.
545 523 630 600 Quod
663 541 728 583 cum
760 523 892 582 omnibus
924 527 1023 584 amicis
1056 527 1115 584 stris

79 608 180 670 Gomm
202 617 436 696 conquereratpr,
465 617 495 669 et
516 609 561 670 die
583 610 708 685 quadam
731 605 836 670 diceret
858 610 972 670 cuidam
983 608 1004 690 ²)
1026 611 1115 670 nobili

78 698 135 754 viro
165 701 215 774 qui
242 701 279 758 ab
308 715 342 758 eo
373 699 450 758 bona
476 699 606 772 tenebat,
636 714 730 774 quare
745 697 814 756 mihi
834 714 892 756 non
914 700 1014 773 capitis
1034 699 1115 756 illum

77 783 271 858 praedonem?
300 785 458 862 respondit:
480 785 560 843 Bene
582 801 648 843 eum
669 801 816 860 caperem,
837 787 861 843 si
875 801 976 844 „essem
997 802 1115 844 securus

79 871 154 944 qnod
176 889 195 931 a
215 873 298 931 vobis
319 873 348 930 in
370 888 487 948 corpore
508 887 567 930 noa
580 871 750 931 laederetur.
793 871 887 948 Quem
909 889 974 930 curn
996 877 1115 946 accepta

78 957 132 1018 tide
162 961 299 1035 cepisset,
329 958 432 1018 Comes
460 958 607 1033 sophisma
632 957 755 1033 faciens,
782 960 910 1034 protinus
932 957 1115 1033 sepulchrum

79 1043 136 1104 fieri
162 1048 259 1120 iussit,
286 1048 316 1104 iu
345 1061 402 1120 quo
431 1045 548 1104 militem
576 1045 708 1104 mollibus
716 1041 737 1123 ³)
759 1045 919 1104 involutum
940 1047 1000 1104 sine
1021 1061 1115 1120 poena
1174 1069 1176 1072 ·

79 1133 145 1206 poni
164 1133 246 1208 lecit,
267 1135 364 1207 stoque
385 1140 463 1192 terra
485 1138 615 1207 opertum
638 1134 764 1190 extinxit.
808 1132 895 1192 Cuius
913 1134 1027 1209 cognati
1047 1147 1116 1191 mox

79 1218 201 1280 iurantes
236 1236 332 1280 coram
364 1220 540 1294 Imperatore
570 1218 722 1278 Frederico
755 1235 810 1278 avo
843 1219 928 1278 huius
960 1221 1008 1294 qui
1039 1235 1115 1278 nunc

80 1305 213 1381 imperat,
240 1313 340 1366 contra
366 1306 526 1382 praelatum
548 1308 640 1366 virum
661 1305 787 1365 nobilem
809 1323 875 1366 cum
895 1307 986 1365 multa
1007 1305 1116 1366 vocite-

81 1395 187 1454 ratione
208 1395 412 1469 quen'moniam
433 1393 640 1468 deposuerunt,
672 1392 800 1452 dicantes
822 1393 1042 1469 qnodaccepta
1062 1409 1133 1468 pc-·

83 1481 165 1540 cunia
193 1479 293 1540 Corniti
320 1479 399 1538 Illum
428 1479 581 1538 tradiderit
626 1479 756 1554 Cumque
784 1479 942 1555 Imperator
970 1482 1115 1552 tremeret,

83 1567 257 1628 innocentem
286 1566 422 1626 damnare
449 1566 563 1641 volens,
591 1566 672 1625 miles
701 1567 817 1642 quidam
838 1568 974 1626 honestus
996 1565 1118 1626 ascenso

83 1670 196 1714 scamno
222 1654 356 1730 loquendi
383 1654 525 1713 licentiam
556 1657 657 1728 petivit
686 1661 715 1714 et
735 1656 871 1714 obtinuit:
899 1654 1038 1728 Domine,
1070 1656 1116 1711 iu-

85 1743 196 1816 quiens,
222 1740 403 1814 medietatem
431 1743 480 1799 vix
501 1743 655 1802 verborum
676 1741 833 1801 audivistis.
876 1739 907 1800 Si
928 1740 1010 1799 miles
1030 1757 1117 1816 prae-

85 1843 149 1888 seus
177 1836 264 1902 esset,
291 1828 363 1887 forte
384 1829 458 1888 bene
481 1826 541 1908 sel)
564 1837 720 1890 excusaret
763 1827 965 1904 Respondente
985 1825 1117 1903 Impera-

85 1919 153 1991 tore,
173 1915 313 1976 lieentlam
333 1915 443 1977 habeas
463 1916 623 1975 adducendi
641 1935 726 1993 ¹eum3
748 1917 829 1976 miles
850 1914 968 1974 militem
990 1915 1117 1975 adduxit.

88 1999 142 2078 Qui
170 2021 231 2062 cnm
257 2019 309 2078 per
337 2003 510 2063 advocatum
536 2004 622 2078 plene
650 2022 681 2064 se
711 2010 891 2076 excusasset,
917 2002 1117 2078 instigantibus

88 2088 250 2150 adversariis
270 2091 430 2165 Imperator
449 2091 610 2166 respondit:
631 2092 730 2151 Verba
751 2096 831 2166 sunt,
852 2107 910 2149 non
931 2095 972 2151 sic
994 2109 1118 2168 poenam

89 2177 194 2259 evadet.
233 2177 395 2237 Resistente
418 2177 553 2237 similite
575 2181 623 2253 qui
643 2177 724 2236 illum
745 2177 917 2253 adduxerat,
940 2187 968 2238 et
990 2178 1117 2250 dicente,

88 2261 207 2338 domine,
233 2267 257 2324 si
279 2282 346 2324 eum
365 2264 519 2339 laeseritis,
552 2283 699 2340 nunquam
728 2266 763 2326 de
786 2272 880 2326 cetero
901 2265 996 2326 verbis
1015 2267 1118 2326 vestris

89 2351 229 2428 credeturp
250 2351 379 2428 placatus
399 2353 558 2428 Imperator
579 2352 697 2412 adiecit:
726 2352 816 2412 Modo
837 2352 908 2412 liber
930 2353 1067 2426 abcedat,
1089 2359 1118 2411 ct

89 2439 112 2494 si
138 2457 155 2498 a
181 2459 226 2501 mc
246 2440 294 2500 vel
315 2459 333 2498 a
354 2441 424 2499 meis
445 2445 547 2515 postea
569 2446 670 2515 captus
691 2440 789 2515 fuerit,
817 2441 973 2499 traditionis
994 2455 1119 2516 poenam

90 2525 217 2586 exsolvet.
260 2527 389 2607 Cumque
411 2528 455 2586 vir
468 2527 572 2586 nobilis
587 2529 710 2586 venisset
730 2527 768 2586 ad
790 2527 876 2586 limen
897 2527 1003 2603 palatii,
1025 2529 1118 2586 sciens

90 2608 182 2689 longas
194 2613 322 2690 Regibus
344 2630 407 2673 csse
424 2631 535 2688 manus,
557 2619 636 2673 stans
658 2620 687 2673 et
703 2615 780 2690 apud
803 2632 833 2673 se
847 2615 1016 2688 deliberans,
1037 2613 1120 2672 rediit

90 2699 124 2780 ad
152 2701 299 2775 iudicium,
332 2699 445 2760 dicens:
475 2701 615 2774 Domine,
643 2718 701 2760 non
729 2719 847 2777 possum
869 2701 994 2776 effugere
1016 2717 1118 2759 manus

91 2796 206 2865 vesuas3
234 2795 344 2848 tantum
372 2805 525 2862 praesumo
554 2787 590 2848 de
611 2805 676 2847 mea
696 2790 859 2848 innocentia
881 2795 910 2846 ct
929 2788 986 2846 Dei
1007 2788 1119 2845 miseri-

91 2874 192 2953 cordio,
220 2882 254 2934 nt
279 2876 309 2932 in
337 2877 453 2933 instanti
481 2880 597 2950 paratus
625 2877 678 2934 sim
706 2893 753 2935 mc
783 2874 933 2934 defendere
961 2873 1119 2933 secundum

90 2963 159 3040 qnod
185 2964 292 3024 iustitia
313 2961 469 3021 dictaverit.
511 2961 550 3020 Et
572 2979 637 3020 cum
662 2965 715 3022 sim
736 2961 855 3036 nobilis,
876 2963 931 3020 iuri
951 2977 1015 3020 mco
1038 2960 1119 3022 cedo.

88 3051 238 3128 Respondit
257 3048 432 3125 Imperator:
453 3047 542 3107 Modo
564 3049 688 3124 loqueris
711 3051 785 3109 sicut
805 3048 913 3126 probus
933 3051 985 3108 vir.
1019 3047 1120 3126 Quae·

89 3140 153 3198 situs
181 3144 224 3198 est
244 3137 274 3195 in
294 3141 376 3213 parte
398 3135 563 3195 adversaria
583 3135 664 3195 miles
684 3136 867 3210 fortissimus,
900 3136 948 3210 qui
971 3153 1037 3196 curn
1058 3140 1120 3196 sin·
1201 3133 1204 3144 ’

89 3225 171 3301 gulam·
192 3224 285 3284 duello
312 3225 469 3298 impeteret
503 3221 559 3281 Dic
581 3240 650 3283 vero
672 3222 762 3282 altera
781 3225 826 3281 vir
846 3222 948 3283 nobilis
964 3223 1121 3300 praemissa

90 3313 256 3372 consessione
279 3300 580 3386 corpus‘Dominicum
595 3311 735 3386 suscepit;
758 3312 855 3385 sicque
877 3325 942 3369 cum
956 3310 1121 3370 adversario

91 3415 138 3458 suo
164 3415 244 3478 spem
265 3399 376 3457 hahens
402 3399 432 3456 in
460 3396 562 3458 eodem
584 3402 762 3458 sacramento
784 3395 920 3456 circulum
941 3405 1122 3473 pugnaturus

92 3486 205 3548 huselt.
248 3485 342 3564 Quem
375 3501 441 3544 cum
468 3483 515 3544 illc
544 3485 617 3544 sicut
638 3485 683 3542 vir
703 3483 893 3544 validissimus
914 3483 1070 3558 impelleret
1091 3493 1120 3541 et

93 3573 261 3650 propelleret,
282 3577 311 3633 ct
325 3573 470 3632 venissent
484 3571 569 3631 simul
590 3575 657 3630 ante
669 3569 884 3647 Imperatorem,
905 3570 1041 3629 audiente
1059 3574 1121 3627 tam

111 3725 138 3793 1)
154 3725 174 3779 C
191 3743 247 3780 sua
264 3726 354 3779 hona.
374 3755 405 3766 ·-
425 3725 456 3792 2)
474 3724 600 3779 cuidem
618 3741 658 3780 om
676 3725 730 3778 ab.
749 3753 779 3764 -·
800 3724 832 3792 3)
849 3721 964 3776 mollibus
981 3701 1122 3772 coalumn-

157 3803 197 3856 tis.
215 3829 246 3841 -
264 3800 297 3869 4)
313 3795 379 3852 BOD
397 3813 430 3848 se
447 3796 534 3849 bene.
