2608 4252
162 303 200 359 in
465 293 692 358 DISTINOTIO
714 293 889 358 SEPTIMA

164 424 242 482 bona
264 425 322 495 est,
343 419 452 479 lieret
445 438 474 479 m
495 426 586 495 terra,
614 419 670 477 hoc
693 419 764 478 est
756 437 786 477 nr
806 416 884 477 illo
876 433 980 477 ruvene
1001 423 1070 478 tunc
1090 435 1201 494 pecca-

159 485 233 568 'tore
274 508 335 567 Nec
357 510 452 566 mirari
474 506 577 581 debes,
600 509 625 564 si
645 512 811 581 peccatores
832 521 883 579 per
906 521 970 564 cam
992 504 1203 582 illuminantur,

165 599 233 672 quia
255 595 416 654 amandum
443 611 552 652 momen
574 597 649 666 dus,
680 596 725 652 ito
758 599 786 652 et
810 593 877 650 laus
904 594 965 650 cius
986 594 1020 650 io
1048 593 1121 670 fines
1136 599 1200 652 ter-

163 701 217 742 rac
230 681 258 761 9.
284 681 376 741 Maria
398 683 473 740 enim
495 683 694 755 interpretatur
709 678 792 738 stella
812 681 906 753 maris,
927 681 989 738 sive
1009 679 1204 739 illuminatrix.

164 770 249 847 Quod
269 785 339 829 vero
361 769 511 844 desperati·
526 774 554 826 et
576 773 674 826 contra
700 784 815 825 omnem
841 768 963 842 gratiam
983 766 1121 842 indurati,
1148 785 1205 842 par

162 861 255 933 ipsam
282 855 321 916 ad
349 855 554 915 confessionem
584 861 612 913 ct
639 856 754 914 veniam
782 859 963 930 reparentur,
991 860 1106 929 praesto
1134 861 1203 914 sunt

85 973 88 982 ¹
162 944 300 1020 exempla.

505 1095 738 1158 CAPITULUM
762 1093 855 1176 mr)

192 1221 239 1280 De
260 1221 404 1278 monacho
427 1220 510 1294 opud
530 1223 748 1278 monasterium*
764 1219 924 1295 infirmato,
946 1218 1027 1294 quod
1050 1219 1171 1295 boppo

225 1309 340 1379 dicitur,
362 1309 409 1364 cui
430 1313 534 1365 concta
554 1307 656 1366 Mario
677 1310 807 1382 psallam
830 1306 985 1394 confitendi
1005 1305 1140 1366 obtinuit.

228 1429 262 1488 In
283 1430 431 1504 provincia
444 1425 586 1508 Pertica²)
609 1428 712 1486 domus
734 1427 839 1487 ordinis
858 1427 1050 1486 cisterciensis
1068 1425 1127 1487 sita
1149 1437 1203 1503 est,

166 1533 240 1592 quae
256 1516 371 1591 Trappa
386 1520 515 1574 vocatur.
557 1514 592 1572 In
607 1514 671 1588 hac,
693 1517 767 1573 sicut
780 1515 849 1572 milri
862 1514 958 1573 retulit
971 1515 1103 1574 dominus
1117 1515 1202 1574 Hen-

165 1607 239 1663 n'cus
260 1601 362 1661 Abbas
385 1601 419 1660 de
434 1598 604 1681 Scinrcnuss)
625 1619 756 1660 asserens
777 1603 832 1660 sihi
852 1575 1003 1660 recitatbm
1024 1602 1061 1660 ab
1082 1601 1203 1662 Abbate

164 1694 221 1750 iam
244 1691 335 1750 dictae
357 1689 467 1763 domus,
489 1691 608 1764 contigit
628 1689 706 1764 quod
731 1689 857 1747 dicturos
882 1706 955 1762 sum,
976 1696 1044 1748 tunc
1066 1693 1202 1766 temporis

165 1783 292 1838 recenter
304 1784 426 1852 gestum.
453 1775 617 1834 Infirmatus
632 1783 676 1834 cst
688 1777 728 1834 ibi
741 1775 899 1834 monachus
913 1793 1004 1850 usquc
1020 1775 1058 1834 ad
1071 1783 1201 1836 mortem.

164 1865 303 1939 Deputati
315 1871 381 1921 sunt
403 1865 429 1921 ei
451 1863 507 1922 duo
522 1863 655 1921 monachi
675 1863 714 1920 ad
731 1862 921 1922 serviendum.
954 1862 1011 1937 Qui
1032 1863 1099 1925 dum
1116 1864 1202 1922 simul

166 1953 297 2024 exissent,
320 1957 348 2010 et
361 1967 448 2026 aeger
470 1948 547 2008 solus
560 1952 674 2023 iaceret,
694 1952 812 2026 ingressi
834 1955 900 2008 sunt
922 1947 978 2008 duo
1000 1953 1065 2009 tetri
1078 1952 1202 2027 spiritus,

165 2042 194 2097 in
208 2037 312 2114 angulo
327 2036 428 2096 domus
442 2042 558 2096 stantes.
581 2035 739 2111 Complosis
752 2042 848 2096 autern
859 2037 991 2096 manibus
1000 2037 1202 2098 cachinnantes

131 2139 136 2156 ·
167 2125 299 2185 dicebant
320 2124 504 2183 adinvicem:
530 2123 600 2182 Cras
621 2123 693 2182 hora
710 2127 793 2183 tertia
814 2141 879 2184 curn
901 2142 1005 2200 magno
1019 2125 1125 2200 gaudio
1147 2125 1201 2186 do-
1302 2189 1303 2208 ,

166 2213 303 2272 ducemus
321 2213 455 2270 'animam
482 2211 567 2270 huius
591 2210 630 2269 ad
649 2211 797 2270 infernum.
840 2209 912 2269 Mox
931 2211 1059 2270 infirmus
1079 2218 1202 2272 tremere

166 2301 260 2374 coepit
280 2304 367 2372 atque
380 2296 546 2373 pallescere,
565 2300 687 2356 maxime
705 2305 821 2373 propter
834 2295 987 2377 morsuml)
1002 2301 1202 2359 conscientiae.

166 2385 353 2446 Commiscrat
374 2387 449 2443 enim
470 2391 537 2444 ante
559 2387 774 2444 conversionem
794 2392 915 2460 peccata
929 2386 1071 2460 quaedam
1092 2389 1201 2464 gravia,

166 2490 240 2548 quae
260 2477 376 2532 vetante
398 2472 595 2532 erubescentia
623 2471 750 2530 confiteri
774 2488 838 2552 non¹
860 2477 980 2548 poterat,
1001 2490 1095 2548 neque
1117 2473 1200 2532 cleri-

166 2578 216 2619 cus
238 2562 267 2616 in
290 2557 421 2632 saeculo,
443 2575 536 2633 neque
558 2561 703 2632 novicius,
723 2555 845 2637 nequc⁵)
868 2559 1025 2619 monachus
1045 2563 1076 2618 in
1097 2578 1201 2622 mona-

165 2647 260 2706 sterio.
291 2645 405 2704 Pavens
418 2663 487 2704 vcro
502 2651 531 2704 et
547 2648 784 2722 circumspiciens,
806 2646 1013 2721 contemplatus
1034 2653 1079 2706 est
1098 2649 1128 2705 in
1145 2666 1201 2710 an·

165 2732 232 2811 gulo
256 2735 386 2808 opposito
400 2738 559 2791 matronam
576 2731 805 2806 pulcherrimam,
825 2735 855 2790 in
876 2733 948 2792 haec
968 2735 1058 2793 verba
1080 2733 1200 2796 daemo-

164 2821 248 2880 nibus
270 2795 504 2879 cachinnantibus
525 2818 756 2893 respondentem:
778 2819 872 2878 Nolitc
893 2821 976 2879 nimis
989 2821 1123 2897 gaudere,
1144 2838 1200 2898 ogo

163 2907 203 2966 illi
234 2907 311 2966 dabo
344 2905 506 2980 eonsilium,
538 2905 659 2980 qualiter
691 2906 790 2966 dentes
824 2912 934 2966 vestros
966 2909 1079 2967 evadat.
1128 2909 1202 2968 Post

166 2994 243 3070 quod
256 2995 377 3054 verbum
389 2995 462 3052 visio
476 2996 576 3068 omnis,
596 2994 729 3052 ministris
742 2995 921 3069 intrantibus,
942 2995 1088 3070 disparuit.
1120 2993 1201 3056 Con·
1220 3037 1222 3042 -

164 3081 259 3141 sillum
276 3087 372 3140 autem
389 3079 549 3158 intelligens
567 3080 781 3155 consessionem,
803 3087 963 3140 matronam
978 3098 1047 3140 vcro
1069 3089 1200 3142 sanctam

163 3169 220 3228 Dei
242 3167 422 3241 Genitricem,
444 3185 531 3243 quam
551 3169 581 3225 in
601 3173 681 3228 tanto
709 3167 836 3244 periculo
858 3173 890 3225 ut
916 3171 1017 3244 opinor
1041 3169 1200 3228 invocave-

165 3261 216 3328 rat,
236 3255 365 3313 Priorem
385 3257 483 3312 vocari
502 3255 577 3328 fecit,
599 3257 645 3313 cui
664 3255 761 3314 omnia
781 3271 835 3312 sua
848 3261 977 3330 peccata,
998 3256 1105 3314 meritis
1126 3256 1201 3316 bea-

163 3349 210 3400 tae
231 3339 357 3418 Virginis
377 3339 506 3416 adiutus,
531 3340 615 3416 plene
638 3359 672 3401 ac
695 3340 798 3400 devota
819 3339 973 3416 confitens,
994 3349 1023 3402 et
1042 3348 1076 3401 ut
1097 3342 1200 3403 eadem

183 3528 214 3596 l)
232 3526 296 3579 l'sal
314 3525 1199 3647 tt,11.-*)}l0mit.1.p.109.-2Rhocesr‚t‘arche,

231 3604 325 3649 tractus
337 3597 538 3657 hormannus·
530 3612 556 3646 m
574 3612 624 3664 qno
643 3596 742 3647 abbatia
755 3597 897 3662 supradicta
927 3597 977 3649 aud
994 3565 1083 3665 procbl
1099 3597 1131 3649 ab
1150 3615 1199 3666 op-

231 3665 377 3734 pidoSeez
403 3669 452 3717 sita
478 3666 588 3716 luit·
558 3666 646 3733 -3)
670 3665 714 3717 hl)
741 3667 926 3732 Scimcnim,
950 3667 1155 3732 l’Simcnim,
1179 3668 1199 3721 G
1299 3665 1302 3715 ¹.

226 3737 419 3800 simonium,
435 3735 607 3790 BCuuenu.
624 3705 1084 3802 ScripsiScimenueblocislllll,
1094 3737 1136 3790 84.
1155 3737 1200 3800 Xl,
1299 3742 1300 3757 ¹

230 3807 273 3860 61
301 3803 352 3857 Sed
370 3821 419 3873 quc
443 3807 468 3856 in
492 3804 547 3855 loco
565 3805 640 3856 luerit
662 3805 725 3856 haec
741 3805 856 3870 abbatia,
879 3807 980 3890 penitus
998 3810 1145 3878 ignoro-
1166 3775 1200 3875 4)ἱ

230 3875 269 3930 GP
287 3889 472 3928 remoraum.
491 3874 562 3928 coni.
580 3874 623 3939 ix,
640 3876 728 3927 40.-
748 3875 840 3942 5)ΑΒ
859 3877 937 3928 sive.
