2512 4254
45 331 49 336 .
158 275 219 334 142
487 271 716 336 oleumcum
739 269 902 336 OCTAVA

94 423 96 428 ·
155 394 266 454 visione
304 410 379 470 quae
414 411 537 472 magnae
565 395 618 455 snit
645 397 837 470 reverentiae,
872 399 984 455 tantum
1018 393 1112 471 gaudii
1134 411 1185 454 cor

156 484 218 542 eius
239 484 381 557 concepit,
408 488 442 541 ut
469 483 524 542 sibi
551 481 699 542 altitudine
722 481 842 541 duorum
862 481 970 558 pedum
990 499 1009 540 a
1029 485 1103 542 terra
1120 499 1185 540 sus-

155 585 263 645 pensus
288 568 440 628 videretur.
481 569 548 628 Non
575 569 669 628 solum
696 569 744 629 hic
770 570 950 628 beatissimus
973 567 1102 628 Pontifex
1119 585 1186 644 per-

155 655 296 716 iectonrm
315 658 452 730 viniaton
476 655 528 714 sed
549 661 578 714 et
598 659 765 716 miserorum
785 657 816 714 in
836 656 954 716 summis
974 655 1186 716 necessitatibus

158 737 222 804 esso
243 741 419 820 dignoscitor
441 742 584 802 liberator.

439 916 446 931 ⁸
483 931 717 994 CAPITULUM
736 933 881 994 LXXIII.

240 1057 288 1116 De
306 1055 378 1132 sure
399 1073 485 1130 pacm
506 1055 584 1114 idem
605 1053 755 1130 confessor
777 1053 952 1130 opacitate
974 1054 1115 1114 liberauit.

222 1176 357 1236 Nondum
369 1176 426 1235 duo
441 1177 508 1234 anni
522 1183 589 1236 sunt
611 1176 708 1252 elapsi,
730 1177 808 1252 quod
829 1179 859 1234 in
879 1175 949 1236 villa
970 1175 1094 1252 quadam
1112 1176 1190 1234 iuxta

160 1262 316 1336 Coloniam,
338 1265 411 1322 sicut
432 1280 523 1339 nuper
543 1263 600 1322 illic
621 1263 718 1322 audivi
741 1281 807 1323 cum
828 1265 1020 1338 praeterirem,
1041 1262 1102 1322 loco
1122 1261 1189 1320 luris

159 1350 276 1426 quidam
312 1349 505 1424 deprehensus
538 1357 590 1409 est.
639 1349 742 1409 Utrum
777 1357 852 1410 esset
879 1367 944 1426 reus
971 1348 1019 1409 vel
1045 1355 1190 1422 innocens,

87 1507 90 1512 ¹
158 1436 228 1495 mihi
242 1436 297 1496 dici
310 1453 367 1494 non
388 1439 489 1512 potnit.
533 1435 598 1512 Quo
620 1439 704 1495 morti
724 1437 886 1496 adiudicato
898 1433 924 1516 ¹),
946 1443 974 1496 et
995 1435 1097 1512 laqueo
1119 1434 1188 1495 collo

159 1525 221 1584 eius
256 1524 375 1598 iniecto,
403 1526 433 1581 in
454 1523 582 1599 patibulo
611 1523 830 1599 appendissent,
858 1523 905 1582 ille
933 1522 1043 1582 nullum
1069 1521 1191 1583 dolorem

159 1613 312 1687 sustinens,
333 1627 398 1670 cum
417 1612 475 1669 iam
488 1616 616 1669 mortuus
629 1612 835 1686 aestimaretur,
856 1610 933 1670 clara
954 1616 1035 1670 voce'
1049 1609 1189 1670 clamavit:

159 1696 303 1757 Insanum
329 1694 506 1777 laboratis2),
534 1714 593 1756 non
614 1700 742 1772 poteritis
763 1714 809 1756 mc
831 1697 1023 1773 strangulare,
1051 1689 1190 1780 amotum)

159 1783 320 1861 Episcopus
347 1784 478 1843 dominus
505 1799 587 1843 meus
611 1783 778 1860 Nyoholaus
798 1784 868 1842 mihi
889 1786 1004 1842 assistit.
1046 1783 1091 1842 En
1109 1781 1190 1842 video

160 1869 250 1930 illum.
294 1870 379 1946 Quod
400 1870 483 1929 multi
502 1871 659 1946 audientes,
682 1877 710 1930 et
730 1873 771 1930 ita
792 1887 855 1930 esse
872 1873 1064 1946 experimento
1086 1885 1190 1946 cogno-

161 1964 290 2032 scentes,
316 1963 449 2032 putantes
472 1973 537 2016 eum
568 1959 764 2032 innocentem,
791 1949 828 2016 ob
850 1955 988 2016 honorem
1015 1958 1104 2016 sancti
1129 1955 1191 2032 Ny·

162 2044 257 2105 oholai
284 2043 444 2119 depositum
472 2045 551 2104 abire
579 2047 773 2120 permisenrnt.
817 2043 873 2120 Qui
900 2043 1040 2104 Bruwilre
1068 2043 1105 2103 ad
1130 2059 1191 2102 me·

162 2133 282 2190 moriam
308 2133 352 2189 sui
378 2129 537 2190 liberatoris
565 2148 695 2206 currens,
723 2133 830 2208 gratias
852 2134 924 2207 egit,
952 2148 983 2190 se
1006 2148 1024 2190 a
1044 2129 1191 2206 suspendio

162 2217 237 2277 illins
257 2219 365 2276 meritis
385 2215 548 2278 absolutum
569 2218 757 2293 proclamans.
798 2216 1000 2278 NOVICIUS:
1015 2217 1137 2295 ¹Audivi
1156 2216 1191 2275 ab

162 2301 308 2384 infantia⁴)
337 2303 416 2380 quod
444 2310 560 2364 sauctus
588 2305 753 2381 Nyoholaus
782 2322 881 2364 omnes
909 2305 1067 2380 Episcopos
1088 2304 1193 2364 miscn‘·

164 2392 261 2451 cordia
287 2390 450 2466 praecellat
492 2390 726 2452 MONAOHUS:
755 2392 865 2451 Tantae
893 2393 1007 2467 pietatis
1029 2397 1072 2451 est
1092 2397 1119 2450 et
1139 2390 1193 2448 mi·

163 2477 342 2552 sericordiae‚
362 2484 395 2536 ut
409 2483 438 2536 et
449 2477 571 2537 melosa
587 2485 678 2537 morte
691 2480 766 2538 siout
787 2479 894 2538 dietum
916 2485 959 2538 est
980 2495 1067 2553 saepe
1086 2478 1193 2548 liberet,

164 2571 194 2626 et
214 2565 307 2624 bonos
328 2566 401 2624 mori
422 2564 572 2624 desideret.
614 2561 699 2640 Illos,
721 2572 753 2624 ut
776 2566 975 2642 emendentur,
996 2568 1075 2640 istos,
1094 2571 1125 2624 ut
1145 2579 1192 2622 ae-

164 2659 247 2712 terna
260 2651 434 2712 beatitudine
448 2653 585 2712 sruaunu.
627 2652 742 2712 Revera
754 2653 872 2712 dissolvi
886 2660 913 2712 et
925 2669 982 2711 ease
996 2671 1066 2711 cum
1077 2649 1193 2719 Cloioto,

165 2741 260 2799 multo
288 2739 391 2798 melius
420 2745 469 2799 eet.
512 2738 550 2797 Et
579 2737 656 2798 beati
683 2745 755 2798 suat
782 2742 894 2799 mortui
924 2741 976 2816 qui
1003 2742 1037 2798 io
1069 2739 1193 2799 Domino

165 2822 381 2898 mooiuatw).

488 3015 722 3094 anemurum
742 3017 885 3078 nm.

187 3137 235 3196 De
257 3138 356 3198 Adam
377 3141 522 3200 monacho
544 3159 631 3216 quern
653 3149 772 3200 coactus
793 3139 965 3218 Nyoholaus
987 3157 1054 3200 cum
1075 3142 1171 3200 coacto

360 3227 546 3286 Potamiano
568 3227 606 3285 ab
627 3229 799 3304 infirmitate
821 3233 1014 3286 sonaverunt.

232 3359 329 3419 Adam
350 3364 508 3422 monachus
536 3364 571 3423 de
592 3363 701 3440 Luclra,
716 3367 795 3422 cuius
815 3366 846 3422 in
867 3363 1060 3439 superioribus
1081 3353 1194 3424 meminis

94 3527 96 3534 Ι
168 3449 197 3508 in
219 3447 344 3524 quadam
366 3449 548 3524 conventuali
569 3451 690 3510 eeclesia
711 3451 861 3525 saxoniae,
883 3467 957 3526 quac
978 3444 1108 3529 Bucka⁶)
1129 3441 1195 3503 dici·

188 3563 325 3636 1)AcuP
344 3564 439 3629 erem
468 3582 536 3617 cum
562 3568 656 3618 morti
684 3565 918 3618 adiudicatum.
939 3595 969 3606 -
989 3567 1021 3633 2)
1039 3565 1061 3618 l)
1078 3562 1194 3616 laboru-

239 3637 307 3687 stis.
327 3665 358 3674 -
378 3636 409 3703 3)
426 3635 449 3688 Β
468 3644 603 3688 sanctus
621 3639 711 3686 enirn.
730 3665 761 3674 —
781 3637 812 3704 4)
830 3635 852 3688 Β
872 3635 1018 3687 infantia
1036 3650 1149 3686 mea-
1166 3623 1194 3690 5)

238 3705 348 3772 Philipp.
368 3705 451 3769 1‚23.
475 3706 554 3771 Apoc.
579 3705 621 3766 14,
646 3706 686 3756 13.
706 3735 736 3744 -
762 3706 793 3770 6)
812 3704 900 3756 Buclsa
917 3704 1017 3756 videtur
1043 3719 1100 3758 esse
1116 3693 1195 3774 Boclt

238 3777 265 3827 in
287 3775 439 3842 Episcopatu
462 3773 665 3828 Paderbornensi
688 3771 720 3823 ad
743 3773 844 3825 fluvium
861 3774 952 3840 lippe:
976 3789 1042 3843 quae
1065 3771 1121 3827 villu
1141 3771 1193 3820 sats

240 3845 346 3898 celebris
365 3855 405 3898 est
422 3847 448 3896 in
465 3845 569 3896 historia
588 3841 670 3896 Caroli
687 3843 779 3910 Magni.
