2512 4254
186 257 248 318 144
349 250 356 264 '
505 251 734 316 ursumcrio
756 251 921 318 OCTAVA

184 383 214 440 et
233 377 332 453 scope
352 389 456 452 eorpus
477 375 609 450 Domini,
637 381 666 436 et
686 393 827 453 praepara
848 382 892 451 tc,
913 377 984 452 quia
1002 375 1088 436 hodic
1108 382 1137 438 nt
1155 375 1209 436 diri

183 466 319 526 morieris.
359 462 465 542 quue
478 462 624 539 disparuit.
667 463 797 540 Cumque
817 481 889 540 puer
911 481 977 524 enm
998 464 1100 524 ovibus
1119 480 1207 524 raum-

117 589 119 598 .
182 567 232 612 sus
257 551 371 626 fueret,
398 558 428 609 ct
453 551 569 611 domina
597 553 658 609 eius
683 549 778 631 eum¹)
808 554 1022 628 interrogasset,
1051 569 1136 628 quare
1152 557 1208 610 tam

183 644 293 698 mature
301 633 321 717 ²)
351 639 488 711 venisset,
520 637 680 715 respondit:
709 637 870 700 Necessitas
899 638 1037 714 compulit
1064 656 1123 714 me,
1147 640 1208 712 qun

182 731 249 786 aute
276 732 390 786 uocmm
418 727 569 784 moriones
597 742 670 784 sum.
712 726 750 784 Et
775 725 837 786 illa:
865 725 986 784 Delirus.
1028 725 1128 785 Reduc
1146 741 1207 800 ergo

181 829 299 890 gregem
310 812 349 872 ad
358 819 480 886 pastum,
502 813 642 887 quianon
659 815 795 882 morieris.
838 811 896 888 Qui
917 815 1013 872 statim
1033 815 1064 872 in
1084 809 1206 890 lectum)

181 916 266 961 suum
279 916 311 959 se
327 900 476 972 reclinans,
498 915 564 958 cum
585 898 763 959 sacerdotem
783 901 940 974 petivisset,
962 905 991 958 et
1010 899 1058 958 ille
1079 901 1207 972 venenet,

181 988 222 1046 alt
243 987 269 1046 ei
285 993 431 1046 matrona:
450 986 551 1046 Timeo
571 1003 693 1062 puerum
712 989 798 1046 istum
819 985 927 1061 aliquid
946 985 1086 1046 iautmiae
1105 986 1207 1057 ddisse

180 1075 351 1148 investigate
379 1074 417 1134 ab
447 1089 481 1131 eo
511 1072 674 1149 diligenter,
702 1073 770 1148 quid
792 1073 908 1149 viderit,
936 1071 1005 1148 qnid
1025 1073 1141 1146 habeat,
1165 1071 1206 1132 rel

181 1177 271 1236 quere
297 1160 366 1219 talia
393 1159 536 1234 loquetur.
579 1159 665 1234 Quod
692 1177 758 1220 cum
783 1161 897 1220 iecismt
925 1160 1075 1235 sacerdos,
1100 1149 1205 1237 puerei

181 1249 319 1306 visionem
332 1246 526 1322 perordinem
546 1249 684 1306 recitavit.
726 1248 773 1306 De
795 1250 875 1306 cuius
896 1237 1028 1306 manibus
1045 1265 1114 1306 cum
1134 1263 1204 1306 com·

181 1335 368 1408 municasset,
402 1334 473 1393 hore
499 1333 647 1408 praedicta
675 1337 835 1409 exspiravit.
878 1334 954 1394 Ecce
975 1336 1004 1392 in
1032 1334 1077 1394 his
1105 1333 1203 1392 duobus

180 1423 276 1496 pueris
303 1437 474 1497 cognoscere
501 1424 607 1495 poteris
631 1423 767 1496 pietatem
788 1424 879 1480 sancti
899 1421 1055 1481 Pontificio.
1095 1419 1202 1481 Schola

180 1524 241 1568 rem
263 1508 380 1567 consilio
401 1510 492 1567 sancti
513 1507 678 1567 Paterniani
699 1508 807 1567 distulit
827 1525 877 1583 spe
899 1510 976 1567 vitae
997 1509 1131 1584 melioris3
1156 1523 1202 1584 pu·

180 1600 286 1656 storum
312 1594 389 1654 hunc
415 1594 529 1654 fidelem
555 1612 654 1654 secum
675 1595 754 1654 duxit
775 1595 813 1656 ad
834 1613 943 1670 pascua
964 1601 1096 1655 aeternae
1115 1593 1202 1654 viridi·

179 1684 255 1744 teile.
297 1680 499 1742 NOVICIUS:
522 1681 598 1757 Quia
619 1689 734 1741 senense
752 1681 918 1759 Nyeholeus
939 1683 1066 1742 crebrius
1087 1675 1201 1758 cerensi

179 1767 366 1830 Pontificibus
394 1771 424 1826 in
452 1769 578 1840 ecclesiis
607 1775 667 1827 tam
695 1772 724 1828 in
752 1769 904 1844 sculpnnis
933 1787 1021 1845 quam
1048 1772 1077 1827 in
1099 1768 1202 1846 picturis
1227 1791 1233 1811 ν

180 1861 416 1931 repraesentatur,
437 1856 577 1916 vellemsi
597 1872 660 1915 csse
681 1863 779 1932 posset
799 1855 924 1932 aliquam
945 1856 1043 1915 videre
1062 1857 1200 1932 imaginem

180 1941 262 2001 faciei
281 1942 356 2000 illius
383 1942 568 2017 simillimam,
595 1961 647 2018 per
674 1961 760 2018 quam
786 1945 923 2002 memoria
944 1945 1004 2002 eius
1025 1946 1111 2002 menti
1130 1955 1199 2000 meae

180 2031 307 2088 tenacius
327 2016 541 2104 imprimeretur.
573 2028 807 2090 MONACHUS:
830 2029 988 2090 Ostendam
1001 2031 1053 2090 tibi
1071 2028 1198 2106 quandam

179 2115 289 2175 mirifici
310 2119 403 2192 operis
423 2123 566 2194 yconam,
593 2134 668 2192 quae
689 2118 726 2176 ab
750 2134 783 2176 eo
814 2120 862 2194 qui
883 2124 1015 2176 sanetum
1035 2115 1198 2194 Nyeholaum

179 2204 208 2262 in
223 2219 307 2263 earne
321 2202 392 2262 vidit
404 2204 491 2263 fertur
506 2204 637 2279 formata,
659 2209 687 2263 et
707 2204 746 2263 ad
766 2204 840 2264 illius
861 2205 1071 2264 similitudinem
1092 2203 1197 2278 depicta

496 2393 729 2454 CAPITULUM
755 2394 898 2454 LXXVI.

324 2516 372 2576 Dc
394 2515 498 2576 tabula
519 2519 613 2575 cuncti
633 2517 779 2594 Npcholot
801 2517 884 2592 apud
900 2517 1067 2577 Perceiana

242 2636 277 2695 Iu
298 2635 420 2696 Porceto
447 2640 619 2698 monasterio
648 2637 726 2713 quod
752 2640 833 2696 iuxta
853 2636 1027 2713 Aquisgrani
1048 2639 1130 2696 situm
1149 2639 1195 2704 est,

177 2723 276 2784 tabula
291 2724 422 2784 cubitalis
436 2731 487 2799 est,
508 2727 661 2800 imaginem
673 2725 751 2784 beati
764 2725 909 2784 Pontificis
923 2725 1065 2801 Nyeholai
1085 2723 1121 2784 ab
1140 2739 1194 2779 um·

177 2810 269 2872 bolico
293 2817 322 2871 et
342 2829 455 2871 sursum
475 2813 556 2870 in‘se
577 2817 807 2886 repraesentans,
828 2829 914 2887 qnam
935 2813 1038 2870 beatm
1058 2809 1194 2886 Gregorius

176 2896 264 2972 Regia
279 2897 417 2958 Graeciae
437 2897 513 2956 filius
534 2906 564 2956 et
579 2899 709 2958 coenobii
730 2897 857 2957 eiusdem
877 2901 985 2972 primns
1001 2897 1103 2957 Abbas
1121 2901 1194 2968 amet
1241 2969 1242 2978 χ

176 2983 335 3058 fundator,
354 2985 421 3044 illuc
442 2984 567 3044 advexit.
608 2985 721 3044 Dicitur
741 2986 842 3044 cadem
870 2985 955 3044 inisse
983 3001 1093 3061 ycona,
1122 2995 1193 3058 quam

176 3069 329 3144 barbarus,
359 3073 432 3132 sicut
453 3075 482 3130 in
504 3071 647 3131 iliraculis
669 3075 760 3130 sancti
781 3072 922 3149 Nycholai
943 3072 1060 3148 legitur,
1081 3071 1153 3141 tulit,
1171 3071 1193 3123 et

176 3154 215 3214 ad
236 3156 394 3216 custodiam
415 3161 460 3218 sui
474 3159 617 3218 theolonei
625 3155 645 3237 ⁵)
667 3162 771 3234 posuit,
793 3162 872 3218 cuius
894 3161 1045 3218 occasione
1066 3157 1102 3217 ad
1121 3155 1192 3214 fidem

177 3259 331 3302 conversus
353 3251 411 3318 est,
443 3263 508 3306 oum
530 3265 583 3306 sue
603 3245 787 3321 perdidisset,
810 3253 838 3305 et
859 3263 945 3305 caesa
964 3248 1088 3322 imagine
1109 3243 1192 3303 eadem

175 3331 336 3406 recepisset.
380 3331 522 3392 Plurimae
550 3351 602 3408 per
631 3350 694 3392 eam
723 3335 841 3392 virtutes
862 3337 955 3392 iactae
977 3339 1057 3408 munt,
1086 3331 1191 3390 manue

175 3417 204 3474 in
236 3419 468 3491 praegnantibus.
510 3419 652 3496 Tempore
681 3420 806 3494 quodam
828 3419 953 3479 eumad
975 3418 1191 3479 domumcuiur·

176 3501 242 3564 dam
263 3502 401 3564 honestae
422 3512 568 3566 matronae
596 3509 626 3565 in
650 3513 735 3582 partu
755 3506 910 3566 laborantis
932 3507 1032 3566 inisset
1053 3505 1190 3582 deportate

175 3596 204 3650 ct
232 3596 331 3650 eontra
359 3609 423 3650 eam
451 3592 488 3650 ed
516 3595 654 3669 parietem
675 3611 829 3668 suspensa,
862 3611 897 3654 ea
917 3593 992 3654 hora
1012 3611 1070 3670 qua
1096 3595 1188 3668 partlm

192 3758 224 3826 1)
242 3773 310 3809 eum
329 3757 378 3808 add
396 3757 470 3810 sssc.
491 3789 521 3798 -
541 3760 573 3822 2)
592 3759 634 3812 ΟΡ
656 3777 753 3812 mane.
774 3792 803 3800 -
824 3762 855 3830 3)
873 3761 917 3815 BC
941 3761 1107 3814 lectulum.
1124 3788 1148 3798 -·
1164 3749 1187 3818 ⁴)

244 3826 287 3882 CP
305 3827 388 3884 aliis.
408 3857 438 3868 -
458 3829 489 3896 5)
507 3827 596 3882 ACDP
614 3829 767 3882 thelonei.
1237 3897 1238 3902 1
