2524 4252
352 293 363 312 ⁸
395 309 451 369 un
471 307 753 372 nommrmue.
1030 311 1090 372 eor

70 432 130 506 plur
151 438 318 509 argueretur
337 447 356 490 a
376 431 532 507 subpriore
562 437 659 491 norbo
682 429 820 507 Gerhco,
852 433 901 508 qui
922 437 990 493 nme
1017 440 1093 494 tem-

70 519 141 592 porls
162 516 311 578 ecelesiam
331 520 390 578 iarn
412 517 504 578 dieue
526 517 612 576 villae
632 518 758 595 regebat,
779 518 1007 580 emendationem
1028 523 1095 596 qul·

72 603 130 663 dem
150 605 293 681 promisit,
321 605 373 664 sed
394 621 452 664 non
482 607 617 666 servarit
666 604 795 664 Tandem
815 607 846 663 in
877 609 1002 682 peccatis
1034 609 1094 666 sule

70 697 176 751 mortua
195 699 253 766 est,
286 698 315 751 et
334 697 450 768 propter
470 697 612 752 mmorem
634 694 758 768 corporis
778 707 816 750 ne
836 692 967 766 foeteret,
999 695 1095 769 posita

60 793 149 854 'super
168 784 281 838 temam.
322 779 361 838 lit
382 778 591 838 eccediabolus
612 796 715 838 manus
737 781 798 838 eius
819 785 849 838 et
868 779 1094 854 brachiamovit,

71 863 209 926 adinstar
228 868 403 925 numerantis
423 867 583 941 pecuniam.
625 864 748 924 Missum
770 871 814 924 est
833 883 885 942 pro
908 865 1038 940 Gerlaoo,
1062 874 1095 924 nt

70 949 208 1012 diabolum
229 968 249 1012 a
274 955 426 1012 vexatione
457 955 582 1028 corporis
614 953 776 1012 exorcismis
805 953 958 1034 cohiberet.
1006 951 1118 1049 Quod

72 1053 130 1097 cum
151 1039 271 1114 iecisset,
293 1053 396 1116 eorpus
417 1041 533 1114 quievit
574 1037 612 1096 Et
634 1055 700 1097 cum
721 1039 852 1100 adiurare
872 1046 1004 1115 cessaret,
1023 1017 1118 1098 illud

70 1141 122 1184 non
143 1129 278 1200 cessavit,
309 1142 386 1185 nune
415 1142 498 1186 crura
518 1142 594 1184 nune
615 1142 717 1184 manus
738 1126 890 1186 movendo.
934 1126 1015 1186 Tunc
1037 1126 1094 1185 tol-

70 1210 125 1271 lens
145 1212 293 1287 haristam,
315 1227 409 1289 aquae
426 1211 598 1288 benedictae
619 1213 744 1287 intinxit,
768 1217 797 1272 et
819 1215 860 1272 ori
881 1215 942 1272 eius
958 1215 1094 1288 immisit,

71 1315 150 1373 qnam
176 1299 225 1359 illa
245 1299 410 1360 avidissime
430 1301 580 1358 masticare
603 1301 706 1374 coepit.
747 1299 878 1360 Tandem
906 1299 1009 1359 tollens
1030 1306 1093 1360 sto·
1178 1317 1182 1330 ·

69 1383 121 1444 lam
142 1403 206 1446 oum
228 1389 385 1446 exorcismo
400 1384 473 1446 collo
491 1387 553 1445 eius
565 1385 780 1462 circumligavit,
800 1389 898 1462 sieque
910 1386 1064 1446 daemones
1076 1384 1094 1466 ¹)

70 1473 182 1532 abelus
203 1487 321 1549 corpore
344 1473 528 1549 compescuit
574 1471 646 1531 Erat
672 1474 712 1533 ibi
738 1479 865 1548 tempore
891 1470 1021 1554 eodem²)
1042 1492 1094 1533 ru-

70 1557 153 1618 rdcus
171 1561 288 1635 quidun
309 1559 359 1636 qui
391 1559 506 1620 dicebat
533 1557 686 1618 sacerdoti:
724 1559 828 1619 Sciatis
857 1560 984 1635 domine,
1018 1557 1095 1636 quod

71 1643 194 1706 diabolus
218 1650 247 1706 in
268 1646 325 1706 hac
353 1653 438 1706 nocte
465 1645 606 1722 stupenda
635 1646 799 1721 operabitur
826 1649 855 1705 in
882 1646 938 1706 hoo
967 1663 1095 1723 corpore.

70 1731 193 1793 Reieram
215 1735 290 1793 euim
311 1734 395 1794 robis
415 1732 521 1808 simile,
549 1731 626 1810 quod
642 1732 830 1812 ‘temporibus
858 1735 976 1810 oondgit
996 1736 1094 1809 pueri-

70 1819 120 1880 tiae
139 1837 228 1880 meae.

415 1957 647 2020 CAPITULUM
667 1957 750 2018 XLI.

84 2080 155 2141 Item
176 2083 211 2142 dc
231 2083 375 2142 conrardo
396 2081 432 2140 de
452 2081 593 2139 Bocbcim
614 2084 698 2140 cuiue
720 2083 822 2140 animo
844 2097 865 2138 o
886 2079 1078 2164 doemonibus

318 2172 351 2228 in
371 2171 462 2244 specie
483 2185 640 2226 ceruorum
663 2167 765 2227 eculeo
786 2174 836 2226 cet

126 2273 260 2334 Fuerat'
251 2292 281 2331 m
302 2272 440 2332 Bacheim
461 2271 530 2332 villa
550 2273 689 2347 proxima,
709 2271 821 2331 famosa
834 2269 977 2348 quaedam
989 2286 1093 2329 usura·

71 2359 115 2417 ria
154 2360 235 2421 Haec
265 2373 331 2419 aum
358 2361 496 2419 moritura
528 2365 618 2432 esset,
655 2374 789 2433 campum
817 2365 909 2418 totum
936 2357 1030 2417 corvis
1058 2373 1093 2416 ao

72 2447 221 2507 cornicibus
249 2445 321 2506 vidlt
341 2445 489 2522 repletum.
531 2443 570 2503 Et
597 2445 731 2504 clamavit
758 2444 880 2504 fortiter:
909 2443 986 2504 Ecce
1007 2441 1093 2502 modo

71 2533 291 2610 appropinquant
311 2532 350 2592 ad
370 2549 426 2592 me.
467 2533 506 2592 Et
526 2530 645 2591 adiecit:
675 2530 753 2607 Oui,
786 2527 890 2610 owi³);
919 2531 1005 2590 modo
1027 2537 1095 2590 sunt

71 2617 195 2696 intecto,
216 2619 302 2680 modo
323 2622 352 2678 in
375 2618 476 2694 domo,
508 2618 594 2678 modo
615 2625 716 2694 peetus
738 2635 833 2677 meum
854 2616 978 2691 laniant,
1006 2617 1092 2676 modo

70 2707 186 2766 mimam
206 2723 301 2767 meam
322 2703 482 2766 extrahunt.
535 2705 640 2782 Sioqu'e
662 2723 728 2765 cum
749 2703 859 2764 ululatu
882 2704 988 2763 efflavit
1008 2704 1092 2778 spiri-

71 2795 131 2868 tum,
153 2811 171 2854 a
191 2793 378 2854 daemonibus
401 2792 438 2852 ad
460 2793 562 2852 inferos
585 2790 794 2852 deducendum.
837 2789 894 2866 Qui
915 2788 1017 2850 eadem
1037 2806 1092 2849 no-

72 2883 111 2937 cte
137 2897 238 2958 eorpus
266 2879 302 2940 de
330 2879 433 2940 leretro
448 2881 557 2940 'multis
579 2881 628 2956 qui
655 2879 775 2938 aderant
794 2876 957 2937 videntibus
988 2875 1093 2936 tollen-

71 2967 122 3041 tes,
149 2983 240 3044 usque
260 2967 299 3026 ad
319 2973 426 3027 tectum
447 2967 629 3040 levaverunt,
659 2973 687 3025 et
709 2981 775 3026 cnm
795 2965 870 3023 trabi
890 2965 1092 3041 impingerent,
1177 2999 1181 3008 ‹

70 3050 139 3114 iuxta
158 3054 243 3114 limen
266 3055 330 3114 ostii
351 3053 420 3113 illud
442 3053 543 3114 cadere
565 3056 690 3113 sinentes
712 3051 917 3154 confregerunt
958 3050 1093 3111 Extincto

71 3146 127 3199 runt
147 3139 310 3218 luminaria,
340 3141 473 3218 ingerunt
493 3141 638 3215 homines,
667 3156 751 3199 mane
778 3141 808 3197 in
835 3141 893 3198 iam
923 3137 999 3199 dieto
1027 3135 1091 3198 ioco

70 3238 161 3302 eorpus
182 3229 363 3304 reperientes
406 3227 491 3304 Quod
512 3226 625 3287 bestiali
647 3225 811 3304 sepulturae
832 3224 1017 3287 tradiderunt

395 3383 627 3444 CAPITULUM
654 3381 751 3442 XLII.
840 3369 855 3392 ⁴

89 3485 130 3546 lie
150 3487 329 3548 Theoderico
348 3492 490 3548 cumerio
512 3491 565 3564 qui
583 3489 712 3548 montore
733 3487 871 3548 decorior
896 3487 1069 3547 masticavit

72 3671 74 3678 ,
126 3609 158 3669 In
180 3610 312 3670 Diocaesi
334 3609 494 3670 Coloniensi
523 3615 589 3668 ante
617 3625 726 3686 paucos
755 3625 845 3668 annos
873 3608 953 3668 miles
975 3601 1091 3682 qudam

72 3687 209 3758 deterens
232 3703 275 3758 est
294 3697 408 3757 nomine
430 3696 632 3773 Theodericus,
653 3698 797 3756 usurarius
818 3693 973 3754 admodum
997 3692 1090 3749 nomi·

88 3809 113 3877 ¹)
129 3812 170 3865 lili
188 3813 420 3866 daemonem-
435 3813 468 3882 2)
485 3811 571 3868 BODF
589 3810 701 3866 eodem
718 3820 872 3878 tempore.
892 3837 922 3848 -
942 3807 975 3875 3)
992 3804 1090 3874 vulgari
1115 3819 1122 3827 ·

130 3881 246 3938 idiomate
264 3883 407 3939 Coloniensi
424 3883 472 3937 hoc
489 3883 583 3934 dictum
600 3889 648 3946 est,
665 3895 724 3948 pror
743 3895 759 3932 o
776 3877 853 3930 weh.
