2506 4254
177 282 240 342 250
490 285 717 350 DISTINOTIO
739 287 896 352 DECIMA

175 403 230 462 illis
251 404 314 480 ieci,
335 412 366 464 ut
387 424 444 466 non
458 407 587 469 dubitem
608 413 676 486 quin
692 428 760 471 mox
781 419 814 472 ut
829 414 974 490 coeperint
993 429 1044 491 pro
1056 431 1099 475 me
1113 432 1185 492 orare,

177 490 320 551 Dominus
340 510 393 552 nos
412 498 555 572 respicere
575 496 688 557 debeat.
735 498 811 558 Mira
837 499 910 562 fides
930 501 1026 580 Regis.
1065 503 1185 564 Dominus

178 594 246 637 vero
277 582 326 654 qui
354 580 435 640 dicit:
463 583 496 642 st
523 583 682 644 hebemus
707 584 795 660 fidem
822 589 898 648 sicat
924 607 1054 664 proaem
1072 594 1185 668 sarapis,

178 665 275 724 dicetis
296 667 364 726 lessio
384 673 492 742 morati,
523 674 617 730 bena
637 671 716 744 aaa,
738 679 766 732 et
788 672 956 752 enodate,
978 675 1098 738 evidenti
1115 680 1185 742 mite·

99 767 107 778 ’
179 751 243 812 culo
264 751 352 813 fidem
372 756 430 826 iam
452 755 518 816 dicti
534 755 622 833 Regis
643 762 842 819 remuneravit
883 760 959 820 Nam
980 764 1056 823 circa
1075 771 1185 824 octavam

177 838 278 900 horam
298 842 529 919 noctistempore
543 845 709 920 matutinali,
729 845 935 908 monachorum
955 853 1124 928 surgentium
1135 851 1186 910 Do·

178 928 272 986 minus
293 930 467 989 orationibus
489 932 636 1006 excitatus,
658 938 686 991 et
706 935 767 1006 ipse
787 951 839 1010 per
858 937 1016 1010 potentiam
1029 954 1187 1014 consurgens,

178 1014 329 1090 imperarit
349 1018 440 1076 ventis
462 1020 591 1093 etmari,
612 1019 735 1078 et‘iacta
756 1027 800 1080 est
820 1020 1006 1098 tranquillitas
1027 1041 1137 1102 magus,
1154 1027 1186 1084 its

178 1107 211 1158 ut
232 1117 330 1161 omnes
359 1100 394 1161 de
415 1109 474 1162 tam
495 1104 589 1163 subita
610 1108 696 1164 maris
716 1107 912 1168 immutatione
932 1109 1104 1171 mirarentur.
1138 1111 1185 1172 Re·

130 1192 134 1199 '
178 1204 278 1247 versus
300 1205 367 1248 vero
388 1189 463 1248 idern
485 1189 556 1265 Rex,
577 1194 669 1268 gratie
690 1191 816 1254 eiusdem
838 1195 966 1255 miraculi
987 1197 1104 1274 amplius
1124 1197 1185 1256 ordi·

178 1291 244 1334 nem
258 1275 417 1350 honoravit,
435 1277 574 1352 quasdam
596 1279 698 1338 domus
720 1279 907 1361 eleemosynis
929 1282 1054 1360 ditando,
1075 1283 1108 1344 dc
1125 1301 1185 1344 novo

177 1361 249 1421 alias
263 1363 432 1423 exstruendo
442 1359 471 1442 ²).
514 1362 596 1424 Hace
620 1364 656 1425 de
677 1367 818 1428 miraculis
839 1386 978 1445 aquarum
1001 1367 1102 1454 dotas)
1120 1369 1185 1432 suffi-

179 1449 262 1525 ciant,
284 1452 352 1525 quia
372 1449 410 1509 ad
432 1451 568 1510 miracula
589 1457 681 1512 terrae
701 1453 813 1515 festino.

505 1624 736 1688 CAPITULUM
754 1627 880 1690 XLVII.

274 1750 322 1808 De
337 1751 485 1825 pressuris
507 1749 689 1826 quaefacta
710 1757 780 1810 sarsi
801 1755 909 1812 nostres
931 1755 1113 1830 temporim.

129 1883 131 1890 ’
241 1870 363 1932 Videtur
394 1872 498 1930 nostris
525 1853 701 1948 temporibus
729 1871 878 1948 impletum
906 1873 983 1950 quod
1010 1874 1185 1936 Dominusiu

176 1958 334 2034 Evangelio
357 1958 438 2016 dicit:
463 1958 572 2034 Surpet
592 1976 663 2034 peres
685 1966 789 2017 eontra
810 1967 933 2036 pentem,
955 1967 983 2020 et
1003 1981 1123 2038 repetem
1140 1961 1185 2021 ed·

176 2063 278 2118 vasus
313 2063 453 2120 reprcunt,
483 2052 510 2104 et
543 2052 736 2107 terraemotus
764 2049 868 2122 mopsi
889 2055 976 2106 aaut
992 2067 1049 2124 per
1070 2051 1185 2122 loca‚et

171 2133 354 2207 pestilentiae
377 2139 404 2191 et
423 2132 534 2207 fames,
558 2139 740 2208 terroresque
761 2132 797 2191 de
818 2134 905 2206 coelo,
931 2141 959 2193 et
979 2139 1065 2212 ripere
1085 2151 1185 2212 mopso.

175 2221 258 2281 Licet
277 2219 312 2280 de
332 2220 377 2279 his
395 2217 492 2295 aliqua
509 2218 627 2277 dixerim
648 2218 786 2295 exempla,
807 2219 998 2296 superaddam
1019 2239 1093 2282 nunc
1111 2223 1184 2299 plura

174 2308 285 2369 Nostris
318 2307 494 2382 temporibus
529 2322 600 2382 gens
632 2305 854 2366 sarracenorum
883 2306 955 2368 duce
976 2307 1101 2369 Salutius
1119 2309 1184 2384 Rege

100 2397 115 2416 ·’
173 2394 275 2472 Syriae
289 2396 408 2454 surrexit
428 2400 528 2452 contra
546 2398 662 2469 gentem
684 2392 914 2470 Christianorum,
936 2412 955 2454 a
976 2413 1033 2471 quo
1056 2403 1133 2472 capta
1151 2401 1185 2454 cst

173 2480 334 2542 Jerusalem
352 2498 417 2540 cum
428 2488 504 2540 terra
515 2486 622 2539 sancta.
652 2477 758 2538 Contra
770 2497 856 2554 quam
866 2487 982 2557 gentem
997 2482 1129 2558 perfidem
1140 2489 1184 2540 tres

171 2569 295 2629 vidimus
317 2567 510 2643 expeditiones
530 2568 669 2625 maximas
690 2565 824 2626 fidelium.
866 2567 963 2628 Prima
982 2569 1036 2627 fnit
1056 2571 1107 2629 sub
1125 2569 1184 2629 Fre-
1235 2585 1236 2642 p

172 2657 267 2716 derico
289 2655 479 2730 Imperatore;
502 2653 628 2712 secunda
648 2654 702 2712 sub
715 2652 840 2713 Henrico
862 2653 919 2714 filio
942 2657 1018 2732 eius3
1044 2657 1122 2716 tertie
1140 2654 1182 2714 sub

170 2742 322 2804 Frederico
336 2743 383 2818 qui
402 2742 488 2800 bodie
509 2743 638 2816 imperat.
666 2739 775 2798 Nostris
796 2742 914 2816 inquam
935 2745 1108 2818 temporibus
1125 2757 1182 2819 gens

169 2831 337 2891 Latinorum
352 2831 473 2888 surrexit
489 2834 587 2887 contra
599 2825 745 2901 Graecos,
765 2826 877 2886 illomm
897 2828 1015 2904 pertidia
1036 2835 1182 2906 provocata,

170 2921 300 2995 cepitque
314 2912 586 2990 Constantinopolim
601 2919 630 2972 et
647 2930 780 2990 magnam
801 2921 912 2990 partem
934 2914 1081 2977 Graeciae.
1115 2916 1182 2974 Circe

170 3005 270 3064 eadem
306 3009 434 3079 tempora
467 3001 638 3062 manifestari
671 2999 826 3076 coep‘crunt
851 3001 984 3062 haereses
1012 3003 1181 3063 Albiensium.

167 3091 250 3150 Unde
272 3090 335 3156 zelo
349 3090 416 3150 fidei
427 3086 621 3148 conturbatae
641 3095 712 3146 sceret
733 3095 830 3162 pestes
852 3088 1093 3166 catholicorum,et
1111 3087 1181 3148 irreli-

166 3185 242 3238 recte
263 3184 333 3236 suat
352 3195 446 3254 reposo
458 3171 500 3255 ⁴)‚·
516 3180 618 3250 utputa
627 3170 646 3253 ⁵)
668 3174 806 3233 Franciae
829 3181 857 3233 et
877 3175 1045 3252 Hispaniae,
1065 3175 1101 3237 ad
1119 3174 1181 3234 illius

165 3264 400 3339 destructionem3
421 3261 472 3322 sed
486 3260 613 3321 nondum
626 3268 669 3319 est
684 3259 757 3348 finis
785 3259 825 3320 Ut
839 3264 913 3321 enim
927 3269 1040 3323 taceam
1054 3264 1088 3323 de
1101 3262 1181 3339 regnis

163 3352 291 3428 gentium
311 3349 483 3423 infidelium,
512 3354 619 3424 quanta
640 3347 743 3406 luerint
764 3347 839 3408 bella
860 3351 933 3409 inter
953 3368 1043 3428 regna
1063 3343 1181 3426 fidebat),
1234 3407 1235 3416 ,

162 3440 204 3498 uti
224 3434 339 3517 regna⁷)
360 3437 535 3497 Francorum
554 3434 691 3494 adversus
713 3452 831 3512 reguum
852 3433 1028 3513 Anglorum,
1054 3440 1123 3502 inter
1140 3451 1179 3494 re·
1234 3453 1235 3500 l

169 3543 249 3603 mum
270 3523 457 3583 Alemanniae
480 3515 578 3582 contra
595 3519 772 3601 Gallorum⁸)
794 3538 922 3600 regnum,
942 3527 1074 3584 novimus
1086 3537 1179 3584 omnes.

169 3610 309 3691 Quaedam
339 3613 424 3671 etiarn
454 3626 525 3688 gens
546 3626 621 3668 anno
643 3611 795 3684 praeterito
816 3611 932 3669 intravit
952 3628 1041 3690 regna
1061 3611 1177 3670 Ruteno-

176 3729 206 3800 1)
225 3729 311 3781 lietth.
331 3728 378 3790 17,
403 3727 444 3782 19.
462 3757 494 3766 -
513 3726 545 3794 2)
562 3724 650 3778 BCDF
676 3724 905 3778 construendo.
930 3755 961 3770 -
987 3727 1020 3796 a)
1043 3726 1127 3810 diets·
1142 3737 1176 3775 om

223 3793 952 3936 ret-serrare.:sericeam-
971 3826 1004 3836 ··
1022 3792 1176 3866 ur>
