2506 4254
159 274 222 334 2³0
474 271 700 338 promotio
721 275 881 338 Decius

157 395 253 472 nansi,
281 399 311 455 et
335 395 399 471 ipsa
426 396 648 456 sanctimonialis
673 398 703 456 in
724 397 889 475 Ditkirgsn,
918 409 992 474 quae
1021 403 1065 458 est
1093 397 1178 458 domos

157 482 230 559 nigri
251 480 370 557 ordinis,
399 481 463 542 Deo
485 485 637 558 inspirante
656 483 705 544 ills
725 484 829 545 relictis
851 487 982 546 omnibus
1004 487 1179 546 conversionis

157 569 250 645 gratia
269 567 308 630 ad
321 567 438 628 domum
452 575 580 629 nostram
593 572 679 646 venit,
701 575 731 632 et
750 573 815 646 ipse
834 587 885 648 pro
908 574 969 632 eius
984 573 1178 649 perseveranda

157 661 264 731 quanto
294 657 430 716 intentius
456 658 551 731 potuit
576 657 702 717 Domino
731 657 911 734 supplicavit
960 658 1066 719 Paucis
1093 658 1177 718 diebos

157 741 260 818 elapsis
283 758 348 802 cum
370 742 535 802 alrebibus
556 746 615 803 suis
629 743 790 804 carnalibus
811 745 841 804 vi
861 745 961 805 fuisset
973 745 1105 808 reductus
1123 749 1178 805 ante

156 828 272 889 habitus
293 831 514 905 susceptionem,
535 827 676 906 ipsaia‘m
698 829 853 908 desperans
875 829 981 891 dimisit
1002 833 1149 892 orationem
1156 827 1178 910 ¹).

157 914 253 992 Quam
280 917 341 992 ipse
370 932 437 984 mos
464 917 493 974 in
522 917 629 976 somnis
659 917 696 976 ob
726 916 782 978 boc
804 934 943 995 arguens,
972 925 1002 978 et
1023 924 1056 979 ut
1076 920 1178 979 omissas

156 1004 297 1063 orationes
310 1003 477 1078 reinciperet
484 998 505 1082 ²)
520 1001 688 1079 admonens,
701 1001 818 1064 adiecit:
832 1005 960 1064 Primam
974 1007 1090 1066 missam
1100 1021 1179 1076 meam

155 1088 255 1150 audies
274 1090 305 1147 in
327 1087 424 1150 ordine
447 1088 636 1170 cisterciensi,
679 1090 765 1168 Quod
785 1093 826 1150 ita
843 1091 900 1152 Dei
922 1098 994 1151 nutu
1015 1093 1119 1153 lactum
1137 1095 1179 1151 est.

155 1174 230 1235 Nam
257 1177 318 1252 ipse
344 1173 383 1234 ad
410 1193 463 1236 uos
492 1175 588 1252 rediit,
621 1181 650 1236 et
677 1179 741 1253 ipsa
767 1177 899 1238 habitum
929 1181 1066 1258 mutavit3
1096 1181 1179 1254 sicque

154 1263 185 1321 in
212 1261 312 1324 Monte
343 1268 461 1324 sanctae
489 1261 671 1342 walburgis,
701 1266 752 1324 ubi
777 1269 847 1324 tnnc
867 1265 1008 1326 Priorissa
1035 1259 1101 1341 rut,
1128 1265 1178 1341 pri·
1236 1327 1237 1330 ,

90 1369 97 1376 -
154 1365 233 1408 mam
259 1351 320 1410 eius
340 1351 458 1409 missam
483 1349 601 1408 audivit
643 1349 846 1412 NOVICIUS:
875 1349 940 1410 Non
961 1355 1050 1412 miror
1070 1355 1094 1413 si
1111 1351 1179 1412 Deus

154 1435 222 1496 huic
243 1436 393 1514 religiosae
413 1436 535 1496 feminae
555 1436 694 1513 praedicti
713 1443 800 1513 potus
822 1441 945 1512 mutavb
966 1455 1106 1515 saporem,
1125 1455 1179 1500 omn

154 1521 224 1582 mibi
236 1524 359 1599 novicio,
371 1528 404 1582 ut
415 1521 450 1582 da
463 1523 596 1599 perlectis
608 1531 730 1601 taceam,
744 1541 843 1594 amara
856 1540 988 1601 quaeque
1000 1521 1179 1604 convenerit')
1236 1527 1237 1532 ’

153 1610 184 1669 in
211 1609 366 1670 dulcorem
408 1608 535 1670 Melioris
563 1610 703 1686 siquidem
732 1613 842 1687 saporis
869 1629 946 1672 nnnc
974 1613 1044 1672 mihi
1064 1613 1179 1674 videntur

153 1702 252 1758 nostm
272 1694 419 1757 incondita
438 1696 636 1772 pulmentaria,
658 1715 745 1774 quam
766 1703 833 1758 ante
853 1701 1068 1760 conversionem
1087 1698 1179 1761 facula

153 1786 281 1844 earnium
302 1782 510 1844 delicatissima
551 1779 786 1847 MONAOHUS:
807 1783 942 1845 Fariuula
962 1784 1080 1862 Helisei,
1098 1787 1125 1846 id
1143 1791 1179 1846 ar

152 1873 245 1948 gratia
260 1869 363 1930 Christi
383 1867 478 1952 incid)
500 1870 565 1930 hoc.
607 1870 753 1932 Jordanus
773 1889 844 1932 vcro
865 1873 1024 1934 monachus
1045 1872 1080 1934 do
1099 1873 1178 1932 Hem·

153 1956 288 2017 menrode
309 1956 452 2033 aliquibus
474 1960 556 2016 annis
578 1957 656 2033 quod
676 1961 768 2036 magis
788 1959 842 2018 luit
861 1960 1078 2036 miraculosum,
1097 1959 1176 2020 studio

153 2044 342 2104 abstinentiae
370 2043 408 2105 ab
431 2047 508 2103 omni
528 2050 599 2121 potu
621 2045 773 2120 abstinuit,
804 2053 932 2123 tempore
954 2053 1052 2108 mmen
1072 2048 1177 2107 messio·

154 2132 199 2190 nis
231 2133 292 2192 sivo
321 2133 349 2190 in
377 2129 468 2190 multo
497 2137 628 2191 caumate
657 2149 723 2192 cum
750 2132 866 2208 reliquis
895 2129 1048 2194 laborans.'
1087 2133 1124 2195 Ut
1147 2129 1177 2191 sd

154 2218 301 2294 praedicta
322 2216 481 2293 redeamus,
503 2219 576 2278 siout
596 2218 677 2278 Deus
698 2219 781 2278 bonis
803 2226 832 2280 et
855 2237 954 2280 amara
976 2237 1105 2298 quaeque
1124 2233 1176 2280 cum

156 2307 311 2382 gratiarum
332 2306 445 2364 actione
461 2305 643 2382 gustantibus
665 2307 805 2366 convertit
824 2309 854 2365 in
872 2304 1060 2384 dulcedinem,
1078 2309 1116 2368 ita
1133 2305 1176 2366 ali·

158 2391 272 2468 qnando
294 2385 412 2470 ingratis
434 2391 528 2452 dulcia
549 2394 578 2450 in
599 2393 816 2453 amaritudinem
824 2389 854 2475 ⁵).
920 2433 922 2440 ,

499 2565 732 2627 CAPITULUM
753 2565 854 2628 XVII.

149 2737 151 2741 ,
178 2686 228 2747 De
243 2688 365 2764 pbtricc
387 2673 606 2763 blaspbemantia
627 2689 711 2747 cuias
727 2695 819 2764 postu
840 2706 926 2748 versa
949 2695 991 2750 ert
1011 2691 1044 2749 irs
1062 2688 1160 2767 fimum

223 2807 297 2868 Cum
325 2813 391 2885 post
423 2808 667 2870 confirmationem
696 2807 808 2869 Ottonls
836 2812 865 2868 in
894 2827 982 2888 reguo
1011 2816 1090 2870 tanta
1116 2811 1178 2869 oseti

158 2894 335 2956 abundantia
368 2912 513 2970 annonae,
546 2902 578 2956 ut
605 2898 635 2955 in
662 2895 837 2973 Episcopatu
867 2895 1029 2957 Coloniensi
1054 2895 1177 2956 maldrum

156 2983 282 3058 quinque
309 2982 357 3043 vel
384 2999 436 3042 sex
458 2982 580 3044 denariis
601 2982 691 3043 multo
712 2990 841 3060 tempore
861 2983 1048 3060 venderetur,
1075 2981 1176 3058 contigit

77 3109 78 3112 ,
155 3066 185 3126 in
204 3068 329 3144 quadam
343 3068 470 3133 ciusdem
484 3070 633 3130 Dioeeesis
654 3069 732 3146 villa,
754 3073 834 3131 cuius
846 3087 951 3132 nomen
973 3070 1083 3148 excidit,
1102 3071 1175 3129 mira·

157 3152 254 3214 aulum
276 3154 392 3232 dignum
413 3159 559 3217 memoria
590 3156 695 3216 Pistris
725 3156 867 3233 quaedam
892 3175 983 3235 panes
1005 3157 1043 3218 ad
1065 3170 1175 3234 eoquen-

156 3237 226 3300 dum
245 3241 428 3302 formaverat
470 3243 508 3304 Et
533 3244 599 3321 quia
621 3251 747 3320 tempore
769 3241 963 3305 abundantiae
985 3247 1103 3322 pistores
1121 3253 1175 3318 mo·

157 3322 252 3387 dicum
280 3326 440 3406 lucrantur,
471 3329 520 3392 illa
550 3337 692 3392 commota
721 3329 856 3392 clamavit
884 3328 922 3392 ad
950 3349 1070 3408 puerum
1090 3341 1175 3390 mnmt

155 3411 304 3474 Mittamus
326 3413 404 3475 hunc
426 3416 525 3478 limum
545 3419 575 3478 iu
590 3418 744 3478 clibanum.
786 3417 872 3479 Justo
886 3417 942 3477 Dei
963 3419 1066 3480 iudicio
1082 3417 1175 3476 tactum

153 3505 198 3562 est
230 3502 256 3562 ei
289 3501 446 3563 secundum
474 3505 594 3565 verbum
622 3522 730 3584 suum„
754 3508 783 3565 st
810 3511 895 3581 pasta
921 3505 1109 3582 pulcherrime
1132 3514 1176 3577 per

172 3636 203 3707 i)
220 3633 242 3688 Β
258 3636 603 3706 orationes-mcii
621 3647 654 3690 ut
671 3638 806 3692 omissas
824 3639 991 3708 reciperat
1008 3638 1173 3716 orationqts

220 3704 244 3759 B
262 3707 399 3759 omissas
422 3708 593 3760 orationes
616 3716 648 3761 ut
670 3709 846 3776 reciperet.
870 3737 901 3750 -·
918 3709 951 3776 3)
969 3707 990 3763 (i
1008 3708 1173 3762 converto,

221 3774 450 3900 Romnffim'
469 3805 499 3822 -
519 3777 552 3846 t]
569 3776 592 3834 Ρ
609 3777 698 3836 fecii.
724 3777 787 3850 neg.
804 3777 850 3846 lv,
866 3779 899 3845 d,
916 3778 959 3834 tt.
978 3808 1010 3820 -
1029 3778 1060 3847 5)
1075 3773 1117 3832 bc
1131 3765 1171 3824 ΙΝ

221 3861 236 3897 c
265 3861 324 3899 nse
365 3864 372 3898 ι
391 3885 398 3900 .
978 3895 981 3902 .
