2506 4254
169 277 233 336 rer
455 273 682 338 ursumouro
706 273 918 338 unnnomn

169 397 286 456 exeatis.
329 394 378 454 Ad
407 395 485 471 quod
506 398 627 457 verbum
655 416 723 458 mox
744 401 798 460 viri
819 399 998 477 egredientes
1026 407 1055 460 et
1075 399 1185 460 vultmes
1236 393 1237 402 ’

171 480 330 557 avolantes,
351 499 493 558 nusquam
508 493 736 560 comparuerunt
778 485 1010 550 daeabateutem
1030 487 1103 547 idem
1116 487 1184 546 Ludo

170 569 300 628 infirmus
320 571 350 627 in
371 569 445 629 lecto
475 575 624 648 opposito,
650 575 695 632 vir
720 590 809 633 senex
838 579 866 632 et
893 573 1056 650 religiosus,
1082 589 1184 650 corpore

169 658 260 732 virgo.
301 656 383 717 Visio
405 657 477 716 haee
499 661 573 717 sient
595 664 623 718 et
644 661 822 735 subsequens
843 659 933 719 relata
953 661 1023 719 milri
1044 667 1086 720 est
1105 679 1123 720 a
1140 661 1184 718 do·

167 745 247 802 mino
267 742 434 803 Hermanno
455 743 582 822 Abbate,
602 753 670 806 tune
690 747 796 806 ibidem
817 745 923 806 Priore.
967 747 1109 823 Quantum
1126 764 1185 808 vero

170 831 387 907 agonizantibus
408 831 525 890 fratrum
546 836 739 907 praesentium
761 835 851 893 oratio
870 835 962 909 prosit
972 830 1006 914 ¹),
1035 833 1126 894 eadem
1146 837 1184 891 u'-

169 919 249 977 sione
269 916 467 978 declarabitur.

516 1107 748 1170 CAPITULUM
768 1109 853 1170 XVI.

169 1231 218 1290 De
239 1237 334 1291 morte
350 1234 481 1291 aquomst
501 1249 589 1307 saper
610 1251 697 1307 quem
717 1231 885 1292 residebant
905 1236 987 1292 sorni
1008 1252 1075 1293 enm
1095 1235 1182 1309 aponi·
1237 1279 1238 1294 2

128 1333 131 1340 ’
387 1325 477 1391 zor-et,
500 1322 551 1394 qut
573 1337 593 1376 o
616 1317 753 1377 columbo
775 1320 889 1395 repulsi
908 1327 987 1378 suat

236 1435 319 1497 Circa
339 1437 414 1497 idam
443 1445 556 1514 tempus
584 1439 657 1498 alins
684 1439 801 1515 quidam
829 1457 985 1500 conversus
1011 1440 1068 1500 illie
1095 1441 1183 1498 moris·

170 1525 270 1599 batur,
297 1524 384 1584 homo
410 1525 524 1601 quidem
552 1527 728 1602 ponderosus
760 1531 789 1585 et
816 1527 927 1600 tardus,
956 1533 985 1586 et
1012 1525 1076 1588 ideo
1101 1526 1183 1586 setene
1237 1517 1238 1530 ¹

171 1611 332 1687 despectus.
375 1612 431 1688 Qui
453 1630 518 1672 oum
539 1616 648 1688 positus
673 1615 776 1673 *luisset
803 1631 889 1689 super
917 1619 1053 1689 mattam,
1082 1611 1183 1687 finisque
1212 1631 1216 1642 ·

171 1701 233 1760 eius
253 1697 375 1773 adesset,
396 1699 452 1759 duo
472 1702 550 1759 corvi
572 1699 739 1760 advolantes
759 1703 912 1777 inopinate,
933 1705 1105 1777 gyraverunt
1124 1701 1184 1758 oues

170 1785 258 1865 illum,
279 1786 396 1846 tandem
416 1789 446 1846 in
467 1786 548 1846 trabe
568 1803 642 1861 quae
665 1789 749 1863 rapiti
772 1789 832 1846 eius
852 1788 1020 1847 imminebat
1040 1786 1183 1847 residentes

172 1873 253 1948 Quos
279 1873 409 1932 stridit
437 1873 524 1932 frater
550 1872 693 1932 Henrisus
722 1877 802 1933 euius
834 1891 920 1950 saepe
951 1875 981 1931 in
1010 1873 1183 1950 superioribus

171 1961 277 2019 mentio
298 1959 375 2020 faeta
397 1966 448 2034 est,
470 1959 623 2036 daemones
644 1959 708 2020 illos
731 1978 793 2020 esse
816 1963 979 2036 suspicans,
1001 1961 1131 2036 quidnam
1148 1958 1183 2016 lu·

172 2048 245 2106 oturi
266 2053 362 2106 essent
375 2049 560 2122 exspectavit.
591 2047 709 2106 Interim
729 2047 842 2124 pulsata
856 2053 899 2106 est
911 2045 1020 2122 tabida,
1042 2054 1069 2108 et
1082 2045 1184 2106 accurrit

172 2138 338 2193 conventus.
383 2132 511 2209 Cumque
533 2151 602 2192 crux
623 2135 828 2209 introferretur,
856 2134 989 2194 columba
1017 2137 1099 2195 nivea
1119 2132 1183 2190 illan
1238 2144 1239 2212 l

170 2220 361 2296 praecedens,
393 2222 498 2279 ostium
518 2219 683 2279 infirmitorii
711 2223 788 2296 prior
815 2223 945 2296 intravit,
979 2226 1008 2279 et
1036 2238 1116 2298 super
1137 2221 1183 2276 iam
1238 2225 1239 2276 l

171 2305 276 2366 dictam
297 2307 408 2366 trabem
429 2307 566 2382 volitans,
594 2309 666 2367 inter
694 2306 810 2366 eosdem
840 2325 941 2367 eorvos
970 2308 1064 2367 media
1089 2305 1183 2366 resedit
1238 2301 1239 2352 l

171 2393 301 2469 Cumque
324 2393 464 2453 cumillis
486 2393 658 2468 decertaret,
686 2394 753 2453 hino
779 2393 845 2454 inde
874 2394 926 2453 alis
956 2410 1006 2454 eos
1034 2395 1182 2460 verberans,

169 2481 286 2540 taudem
307 2480 412 2555 adepta
433 2483 567 2555 victoria,
597 2487 625 2539 et
647 2481 682 2540 de
705 2480 789 2539 domo
812 2481 975 2554 eliminatis,
1002 2483 1066 2558 ipsa
1085 2483 1112 2539 in
1129 2478 1181 2537 loeo

170 2585 320 2628 corvorum
341 2567 451 2626 tamdiu
473 2572 534 2626 erat
553 2565 694 2641 residens,
721 2567 812 2627 donea
838 2585 992 2627 conuersus
1014 2569 1182 2644 exspirasset,

170 2662 199 2715 et
221 2655 312 2714 donea
333 2653 410 2712 lotus
425 2661 454 2714 et
473 2655 574 2714 feretro
587 2656 746 2731 impositus,
767 2651 898 2734 eodem²)
919 2654 984 2714 loeo
998 2657 1135 2714 restitutus
1146 2651 1182 2709 ln·

167 2745 246 2802 isset
288 2741 383 2819 Quem
405 2758 470 2800 oum
491 2743 520 2798 in
543 2744 697 2800 oratorium
716 2741 817 2801 fratres
846 2741 1042 2818 deportarent,
1070 2738 1183 2801 columba

169 2829 271 2890 eadem
299 2829 418 2889 avolans
447 2843 560 2887 erucem
588 2827 794 2903 praecedebat3
823 2825 920 2902 sieque
948 2845 1090 2904 nusquam
1116 2842 1182 2886 oon·

166 2919 271 2994 paruit
312 2913 516 2976 NOVIOIUS:
547 2915 621 2991 Quid
648 2915 761 2974 videtur
788 2915 840 2972 tibi
866 2916 952 2974 fuisse
975 2915 1105 2974 columba
1123 2907 1182 2971 dai

101 3041 112 3052 ,
167 3001 402 3063 MONACHUS:
430 3001 571 3079 Angeliea
596 3001 692 3076 aliqua
714 2997 879 3080 persona³),
900 3019 975 3078 quae
996 3003 1110 3061 fratrum
1128 3013 1182 3057 ora·

168 3090 293 3148 tionibus
314 3088 427 3164 adiuta,
455 3105 507 3165 pro
537 3090 632 3147 anima
653 3090 799 3148 morientis
822 3105 886 3147 oum
909 3087 1092 3148 daemonibus
1113 3083 1182 3145 dimi·

169 3176 254 3250 eavit,
277 3181 364 3252 atqua
385 3176 577 3251 triumphauit.
621 3175 751 3250 Quantus
758 3169 780 3254 ⁴)
802 3173 858 3234 illie
880 3175 916 3234 sit
937 3176 1105 3236 daemonum
1124 3187 1182 3231 oon·

169 3278 283 3337 cursus,
309 3263 360 3321 ubi
386 3263 417 3321 hi
445 3265 603 3322 moriuntur
631 3264 680 3337 qui
700 3263 741 3320 eis
763 3263 935 3337 servierunt,
964 3279 1056 3323 sermo
1077 3271 1182 3335 sequeus

169 3347 301 3409 ostendet
309 3345 339 3428 ⁵).

186 3709 218 3779 1)
235 3707 300 3762 BDF
318 3709 428 3776 prosit
445 3709 605 3760 oratio-
618 3707 682 3779 2)ss
700 3707 810 3765 eidem.
824 3708 1000 3778 -3)ΑΒΕΡ
1017 3705 1180 3776 angelicam

236 3779 580 3901 glsitqurlrtrlrirrtpersouam.
607 3809 637 3818 -
661 3779 694 3846 4)
718 3775 848 3831 ACDEFP
871 3787 1031 3846 quantum.
1055 3767 1180 3842 -sJBP
