2506 4254
390 281 444 344 nu
466 279 746 344 murmuremus.
774 263 776 270 ‘
1019 281 1079 340 rer

66 405 97 467 le
121 403 174 465 laec
201 406 366 480 quaestione
391 403 461 464 nihil
483 405 551 464 uerti
573 403 691 464 dudone
712 419 838 478 possum.
880 398 1081 461 NOVICIUS:

65 493 92 551 Si
108 508 163 567 qua
183 498 248 552 eunt
269 491 382 550 residue
403 491 439 552 de
460 492 645 551 morientibus
666 489 829 564 praedictae
850 487 962 561 domus,
982 503 1083 564 precor

65 578 174 638 etmihi
201 579 348 640 edisseras.
391 576 627 638 MONAOHUS:
654 576 719 636 Hoc
749 583 781 634 ut
807 575 870 649 fiat,
897 581 1009 650 oportet
1036 591 1083 634 me

64 664 179 726 ordinem
198 671 310 724 mutare
331 668 517 740 propositum,
538 667 580 724 ita
601 672 634 722 ut
654 661 832 722 interscalari
857 662 943 721 modo
965 662 1083 737 loquer„

64 767 131 810 nune
150 751 184 812 de
205 751 283 812 boue
300 753 464 813 viventibus
484 759 515 810 et
535 752 609 810 bene
630 751 835 823 morientibus,
853 766 929 808 nunc
950 747 986 808 de
1008 747 1084 806 mele

66 839 213 898 sumtibus
242 845 270 898 et
297 839 372 898 bene
404 839 604 912 morientibus,
635 854 712 896 nuuc
744 836 911 896 revertendo
944 834 982 894 ad
1010 833 1083 893 illos
1156 865 1158 870 ·

64 923 252 986 NOVIGIUS:
279 925 444 986 Dummodo
466 925 591 1001 loquaris
613 923 819 996 aedificatoria,
841 922 877 982 de
899 921 997 981 ordine
1017 937 1083 980 mo-

64 1011 120 1071 dica
143 1012 210 1072 mihi
239 1029 307 1072 outa
335 1019 388 1071 est
437 1011 670 1072 MONAOHUS:
706 1009 785 1070 Audi
813 1026 882 1086 ergo
911 1014 1018 1085 quanta
1048 1009 1085 1066 sit

63 1098 240 1160 misericordia
259 1099 325 1160 Dei.

277 1241 281 1250 ’
399 1287 633 1364 utrumme
653 1287 740 1346 xm.
854 1332 857 1336 .

82 1408 124 1468 De
138 1409 223 1486 finali
243 1411 417 1468 contritione
437 1409 594 1468 sucerdotis
617 1409 795 1484 quandoque
816 1410 896 1484 niqrd
917 1405 1055 1466 monachi

491 1499 644 1555 enubentis.

119 1615 192 1678 Ante
219 1617 330 1694 aliquot
357 1634 447 1678 annos
468 1619 498 1676 in
520 1617 651 1677 Claustro
673 1616 807 1676 sacerdos
837 1613 954 1690 quidem
983 1613 1086 1672 delun·

66 1707 119 1760 ctae
138 1711 188 1779 est,
210 1707 290 1766 cuius
312 1706 371 1764 vite
391 1704 455 1763 telis
477 1710 546 1762 erat.
588 1704 623 1762 In
646 1703 744 1762 ordine
759 1703 874 1778 quidem
894 1703 975 1777 nigro
993 1700 1086 1760 laetus

65 1787 145 1850 luent
164 1791 322 1852 menachus
349 1798 379 1850 et
406 1790 554 1865 sacerdos,
580 1792 609 1848 in
638 1807 696 1866 quo
722 1796 832 1848 tautum
860 1788 1027 1864 proiecerat,
1054 1793 1087 1846 ut

65 1873 197 1938 Prioretus
210 1879 336 1938 osticium
350 1877 562 1954 adipisceretur.
595 1877 653 1937 Sed
667 1878 789 1936 faciente
801 1875 908 1934 invidia
921 1873 1037 1948 diaboli,
1058 1879 1087 1933 et

65 1967 166 2038 proprie
181 1967 347 2039 temeritate,
369 1965 487 2024 desertis
503 1967 639 2024 eastitatis
654 1971 684 2023 et
695 1965 874 2023 innocentiae
888 1963 996 2035 castris,
1014 1961 1088 2020 abiit

65 2049 89 2106 iu
103 2053 242 2128 regimem
256 2051 495 2126 dissimilitudinis,
516 2057 633 2127 pactum
646 2051 740 2110 tacere
762 2067 828 2110 cum
851 2047 1087 2110 delectationibus

66 2136 123 2196 suis.
163 2135 326 2215 Aliquando
346 2146 442 2198 autem
463 2140 638 2214 poenitentia
660 2137 777 2212 ductus,
798 2136 1087 2196 Praemoustreteusis

67 2221 159 2282 ordinis
186 2224 322 2302 regularis
352 2227 467 2286 effectus
497 2231 549 2284 cst
605 2225 787 2298 Rursumque
822 2224 1032 2283 circumventus
1065 2237 1086 2280 a

66 2305 239 2386 duthmala
260 2315 394 2388 pristinos
416 2311 517 2371 cecidit
539 2328 657 2370 errores.
699 2310 813 2370 Dehinc
836 2309 874 2369 ad
887 2316 1016 2369 nostrum
1037 2324 1087 2367 or·

67 2392 149 2455 dinem
170 2415 201 2458 se
222 2399 348 2458 contulit.
391 2399 554 2474 lienemque
576 2399 668 2456 factus
689 2403 823 2474 apostate
844 2396 922 2471 vilis,
952 2394 1088 2471 volupta-¹

67 2481 133 2541 tibus
159 2484 238 2544 frena
264 2485 386 2558 laxavit,
415 2502 471 2543 nou
500 2485 672 2544 erubescens
701 2484 887 2544 domesticam
908 2485 1005 2541 uxoris
1034 2498 1086 2541 co·

66 2565 266 2631 habitationem.
308 2572 468 2632 Novissime
490 2571 591 2630 diebus
612 2573 673 2630 istis
698 2577 845 2646 respectus
874 2569 978 2629 aDeo
1000 2568 1086 2628 Petra

65 2651 191 2716 luminum
201 2654 227 2737 ¹),
248 2658 394 2718 saeculum
416 2675 481 2717 cum
502 2660 738 2734 concupiscentiis
760 2657 890 2730 deseruit,
910 2657 1085 2730 veniensque

66 2737 280 2820 demerenda,
306 2747 463 2820 ingressum
489 2746 591 2819 petivit
619 2751 648 2803 et
676 2746 805 2804 obtinuit.
847 2743 918 2802 Mox
946 2741 985 2801 ed
1005 2758 1086 2800 arma

64 2832 243 2900 purulentiae
258 2831 421 2906 convolans,
435 2829 658 2890 confessionibus
671 2831 801 2905 assiduis,
814 2829 945 2904 lacrimis,
958 2829 1085 2888 oratioue

64 2919 91 2971 at
107 2917 221 2993 annin,
241 2918 374 2977 omnibus
386 2935 453 2977 vere
474 2918 638 2993 poenitendi
651 2917 772 2977 formam
792 2917 924 2993 praebuit
945 2921 974 2975 et
987 2931 1085 2975 exem·

63 2998 143 3072 olum.
173 3004 302 3064 Deorum
316 3005 397 3064 brevi
416 3009 553 3080 tempore,
576 3021 652 3064 anuo
666 3004 774 3064 scilicet
794 3003 917 3063 necdum
930 2999 1086 3076 dimidiato,

65 3091 149 3148 actos
162 3091 292 3152 molestie
309 3094 410 3166 camis,
430 3092 504 3151 laeto
527 3092 676 3166 decubuit3
698 3109 756 3150 non
776 3097 873 3150 temen
893 3089 1086 3168 indulgentius

65 3173 159 3256 cirm2)
179 3195 210 3238 se
224 3195 321 3254 egeus,
344 3186 477 3255 coeptum
487 3178 605 3238 viriliter
618 3177 835 3238 eomummebat
847 3193 978 3254 agonem,
998 3175 1085 3236 modo

65 3261 291 3340 ermensende
314 3283 407 3339 orans,
426 3265 511 3325 modo
533 3271 663 3325 sanctam
684 3265 740 3324 Dei
755 3263 927 3323 Genitrieem
949 3264 1085 3324 salutans.

67 3343 190 3410 Habebat
211 3355 286 3411 enim
308 3353 447 3427 quasdam
469 3352 557 3429 ipsius
581 3352 780 3425 salutationes,
810 3352 870 3410 siue
899 3352 1003 3427 quibus
1028 3365 1085 3408 nec

66 3433 182 3511 vigilans,
202 3456 256 3498 nec
270 3439 412 3498 dormiens
425 3441 545 3498 inveniri
558 3443 678 3515 poterat,
700 3455 771 3514 quas
789 3444 856 3498 aute
877 3439 977 3498 horam
993 3439 1085 3497 exitus

67 3521 104 3576 eui
122 3522 191 3584 eollo
212 3543 265 3586 suo
287 3529 347 3601 ipse
369 3526 589 3603 circumligavit,
616 3529 645 3586 in
667 3527 861 3585 testimonium
882 3525 996 3602 grandi
1004 3519 1026 3602 ³)
1047 3521 1084 3579 fi-

66 3603 195 3670 duu'acet
207 3613 302 3672 bonae
322 3615 382 3688 spei
404 3629 482 3672 suae.
525 3613 661 3690 Rogabet
681 3619 777 3672 eutem
800 3613 933 3672 assistere
954 3610 1008 3670 sibi
1028 3606 1084 3666 do·

84 3843 110 3912 1)
125 3846 173 3900 lac
192 3851 215 3916 1,
234 3795 275 3906 lt:
296 3880 326 3890 —
344 3852 377 3920 2)
401 3853 486 3904 circe
504 3851 553 3907 adt
571 3851 600 3904 [l.
620 3881 651 3893 -
671 3851 704 3918 3)
724 3848 856 3918 grandis
879 3846 928 3900 add
952 3847 980 3900 B.
