2512 4254
294 271 350 332 DE
369 269 553 336 DIVERSIS
574 269 809 337 VISICNIBUS.
1019 271 1080 334 141

379 459 610 524 CAPITULUM
630 461 745 525 LXXL

413 584 461 642 Dc
484 582 713 660 Cosafecsorthos.

116 700 341 764 MONACHUS:
374 702 423 763 Ad
450 705 579 764 ordinem
605 705 798 766 confessorum
818 705 959 780 pertinent
979 703 1081 764 Ponti·

62 791 128 866 lices,
146 789 284 866 Abbates,
305 791 407 866 cleriei,
427 793 569 869 monachi,
589 810 643 852 nec
660 781 719 851 hon
741 799 769 852 et
788 793 854 851 laici
869 791 993 868 religiosi
1013 791 1081 851 reli·

62 879 130 954 pose
149 880 289 954 viventes,
315 878 514 956 Christumque
526 875 543 960 ¹)
565 881 626 939 vita
647 887 675 938 et
697 897 745 938 ore
768 879 948 955 confitentes,
969 885 998 938 et
1019 881 1081 938 sine

63 966 191 1040 sanguinis
203 967 247 1025 sui
268 966 404 1024 effusione
426 965 464 1025 ad
486 983 551 1026 eum
573 983 659 1042 quern
681 967 898 1041 confessisunt,
919 969 1081 1042 migrantes.

63 1051 187 1126 Tempore
199 1055 404 1127 persecutionis
425 1071 524 1112 omnes
547 1053 698 1113 Christiani
720 1055 896 1114 consessores
919 1053 987 1112 dicti
1007 1060 1081 1127 sunt,

64 1136 190 1198 Christum
225 1141 254 1198 in
288 1142 347 1199 suis
378 1141 607 1199 tribulationibus
640 1139 725 1201 corde
758 1148 787 1200 et
815 1158 864 1201 ore
898 1139 1080 1214 confitentes,

64 1227 170 1284 maxime
190 1231 286 1294 nmen
306 1226 337 1284 hi
357 1228 405 1302 qui
421 1244 472 1302 pro
486 1225 534 1287 illo
549 1229 627 1302 passi
640 1234 715 1287 sunt.
745 1227 800 1302 Qui
821 1233 922 1302 postea
936 1227 1080 1286 anthono-

64 1313 155 1370 masice
175 1313 240 1372 dicti
261 1319 327 1372 sunt
340 1320 487 1390 martyres,
509 1319 538 1373 et
551 1332 655 1374 nomen
670 1315 863 1374 confessorum
885 1314 1081 1390 specificatum

64 1404 100 1456 est
111 1401 225 1459 maxime
239 1399 278 1460 ad
292 1400 453 1460 sacerdotes
467 1401 595 1476 Domini,
605 1409 788 1480 peccatorum
803 1402 993 1462 consessiones
1006 1403 1081 1460 reci-

64 1485 165 1558 pientes,
178 1487 280 1562 quibus
296 1487 363 1547 deta
377 1494 420 1547 est
435 1488 587 1549 aDomino
601 1494 728 1566 potestas
742 1488 848 1564 ligandi
862 1496 948 1564 atque
964 1487 1080 1548 solven-

65 1569 95 1630 dt
118 1572 298 1634 NOVICIUS
307 1593 313 1632 :
333 1574 389 1652 Qui
404 1577 455 1634 tibi
469 1576 602 1635 videntur
615 1579 744 1650 maiores,
761 1581 901 1651 martyres
915 1593 952 1634 an
968 1575 1081 1634 conses-

65 1658 149 1718 sores?
168 1659 400 1721 MONACHUS:
420 1661 556 1738 Quaestio
567 1663 640 1722 haec
653 1663 792 1722 solvenda
806 1659 1018 1722 estsecundum
1029 1678 1081 1720 ex·
1101 1693 1104 1698 ,

67 1761 147 1806 cessus
161 1755 188 1807 et
201 1747 374 1808 excedentia.
395 1747 476 1808 Licet
491 1749 559 1808 ordo
574 1757 732 1825 martyrum
746 1748 873 1808 ordinem
887 1747 1082 1808 confessorum

66 1833 199 1905 praecellat
212 1835 356 1911 dignitate,
377 1834 493 1911 quidam
506 1842 602 1896 tamen
616 1836 793 1896 consessores
811 1835 983 1912 quibusdam
1003 1852 1081 1894 mar-

67 1919 159 1992 tyribus
179 1924 278 1982 merito
297 1921 382 1998 longe
402 1925 657 2002 sunt—superiores.
690 1921 774 1985 Unde
795 1923 886 1984 habes
907 1923 936 1982 iu
957 1922 1080 2002 hymno:

252 2027 328 2086 Plus
350 2031 443 2086 currit
463 2031 496 2087 ia
517 2031 674 2088 columine

253 2112 408 2190 Confesscr
428 2118 481 2174 iste
501 2119 655 2187 cantiones,

255 2199 353 2279 Qum
374 2209 491 2279 martyr
512 2205 601 2262 ictum
613 2201 772 2278 sufferens,

249 2287 394 2348 Macrone
412 2288 542 2364 scuderae
562 2293 745 2366 sanquinem.

67 2383 128 2446 Ecce
152 2391 318 2466 exemplum.
363 2393 478 2451 Certum
506 2399 550 2454 est
578 2393 707 2452 ordinem
734 2393 941 2470 Episcoporum
968 2391 1082 2468 dignio-

68 2487 115 2532 rem
133 2493 190 2536 esso
212 2475 337 2558 ordine²)
364 2479 526 2554 Abbatum,
556 2486 683 2540 attamen
705 2481 821 2555 quidam
842 2479 974 2540 Abbates
994 2497 1081 2558 rega-

67 2556 123 2638 les')
152 2565 319 2639 quibusdam
339 2565 488 2642 Episcopis
520 2567 612 2642 glorta
644 2574 672 2626 et
704 2568 813 2627 honore
848 2570 971 2627 maiores
1006 2574 1081 2625 sunt.

67 2643 244 2712 NCVICIUS:
275 2652 435 2712 Consentio.
478 2653 714 2714 MONACHUS:
744 2655 863 2730 Quanta
884 2656 969 2712 sitin
991 2654 1080 2712 sisio-

66 2733 290 2800 nihusheatornm
305 2741 499 2800 confessorum
513 2727 678 2815 consolatio,
699 2744 798 2816 paucis
820 2737 899 2819 cibit)
922 2738 1084 2815 explicabo.⁴

369 2929 600 2991 CAPITULUM
619 2930 748 2990 LXXII.

90 3047 138 3135 {De
156 3067 294 3110 rodomo
319 3057 366 3112 cut
387 3060 506 3112 sanctus
527 3054 697 3130 Nychotous
718 3057 861 3129 appeloit
881 3057 914 3111 tn
939 3053 1037 3111 choro.

114 3167 163 3228 Est
189 3171 305 3246 quidam
333 3173 411 3248 apud
437 3192 490 3234 nos
519 3193 689 3250 conversus,
718 3178 798 3234 euius
826 3191 931 3234 nornen
958 3173 1079 3248 prodere

64 3265 109 3310 non
127 3255 228 3340 lices),
255 3261 301 3318 vir
325 3261 417 3320 bonae
440 3266 675 3336 conversationis,
698 3268 726 3320 et
747 3268 877 3322 sanctum
898 3259 1079 3337 Nycholaum

65 3342 203 3410 specialiter
225 3345 351 3422 diligens.
393 3347 461 3422 Iste,
482 3352 555 3408 sicut
576 3351 613 3410 ab
637 3367 685 3409 ore
708 3347 796 3429 eius⁶)
819 3349 930 3425 audivi,
953 3351 982 3406 in
1005 3364 1078 3422 que-

66 3421 119 3484 dam
146 3430 330 3492 sollemnitate
364 3435 448 3496 inira·
463 3439 633 3512 matutinas,
667 3439 725 3496 iam
753 3436 860 3496 dietum
889 3435 1080 3496 consessorem

67 3514 253 3580 lontilicalibns
286 3520 416 3580 indutum
443 3525 473 3581 in
500 3523 586 3582 choro
615 3529 690 3582 stare
719 3525 873 3599 conspexit
923 3522 969 3582 De
998 3522 1078 3584 cuius

82 3694 200 3762 1)ΑΟΙ)Ρ
221 3704 388 3775 religiosi,
418 3706 591 3760 Christum.
617 3737 647 3749 -
666 3708 699 3776 2)
716 3707 760 3762 ΑΒ
781 3707 899 3760 ordini.
927 3733 956 3744 -
983 3703 1014 3770 ³)
1032 3699 1076 3754 BC

121 3771 406 3842 ”tuleras-tw
419 3780 527 3844 paucis
546 3778 718 3844 exemplis,
737 3777 882 3844 Dpaucis
900 3774 956 3826 suh
974 3787 1077 3824 exem-

121 3839 177 3904 plis
195 3845 263 3896 tihi.
284 3875 314 3886 -
334 3847 366 3914 5)
384 3845 405 3900 C
422 3847 505 3900 nolo.
526 3877 555 3890 --
576 3848 608 3914 6)
625 3846 692 3902 Bon
709 3849 779 3900 eius
797 3862 859 3898 ore.
