2512 4254
153 269 195 327 80
464 263 691 330 elemento
713 264 879 329 ourdvn

152 408 190 452 ve
218 387 340 452 audient
358 371 480 450 Abbati
496 405 550 450 sno
578 389 712 449 narrarit
753 388 806 449 lile
834 405 904 449 vero
925 390 1108 466 insequenti
1129 387 1183 450 Oe-

152 477 243 555 pitulo
258 477 331 537 haee
350 477 475 537 referens
495 473 670 562 Abbatrbue,
691 493 792 536 omnes
811 475 986 551 laetificavit,
1006 477 1045 537 ad
1066 477 1183 554 amplio-

153 582 214 624 rem
241 570 359 624 sanctam
386 563 444 623 Dei
465 562 616 624 Genitrieis
643 579 771 624 amorem
796 563 861 623 illos
886 563 1058 624 accendens.
1099 565 1184 642 Igitur

153 653 222 728 quie
241 651 390 729 Virginem
412 651 542 726 beatem,
569 652 627 709 imo
655 649 805 726 speculum
817 652 1004 728 'virginitatis
1024 653 1106 712 cuius
1125 667 1184 711 me-
1244 682 1249 732 ¹,

152 740 208 799 rite
221 743 251 798 et
265 738 356 816 glorie
373 754 487 797 omnem
507 743 671 797 sanctorum
691 737 869 796 altitudinem
890 737 1104 815 transcendunt,
1123 737 1184 797 leu-

155 825 224 885 dere
244 843 302 885 non
323 824 440 899 sufficio,
462 825 544 899 quasi
564 825 712 900 imperitus
732 831 830 884 orator
848 823 927 883 illam
946 823 1093 885 hudando
1115 823 1183 884 ded·
1246 814 1250 885 J

155 910 243 992 eio¹).
276 915 368 988 ipsam
388 913 474 988 igitur
501 911 558 969 tuis
579 910 694 970 adiutus
707 911 884 970 orationibus
905 910 1051 988 deprecor,
1083 918 1117 972 ut
1136 911 1184 971 dc·

1248 899 1253 952 l

153 999 261 1060 foetum
288 1015 385 1058 meum
410 1000 475 1074 ipsa
502 996 650 1074 suppleat,
678 1003 708 1058 et
735 1015 810 1073 quae
837 999 944 1075 scripta
971 997 1019 1058 vel
1039 997 1185 1060 scribenda
1248 1026 1251 1037 ·

154 1091 230 1162 sunt,
249 1085 395 1146 duetuose
413 1084 509 1146 tacut.
550 1083 655 1144 Amen.

441 1216 901 1272 -άθὼιν-
918 1237 922 1242 ·

433 1377 698 1474 districtiu
730 1377 917 1476 dolive

1247 1466 1252 1536 l

158 1553 162 1560 '
205 1551 308 1636 DE
335 1551 682 1636 nnmnsls
708 1549 1138 1636 wslommus.

447 1705 888 1757 ——twemmffl—

529 1864 762 1928 GAPITULUM
790 1865 815 1925 L

274 1991 366 2051 Ratio
388 2007 482 2066 quare
502 1991 535 2048 in
558 1996 665 2049 octavo
686 1989 869 2050 dbdnctionc
890 1965 934 2049 cle
948 1987 1069 2049 diucrne

502 2075 662 2151 unionibus
684 2082 836 2136 tractetur.

217 2197 364 2259 MIRARI
384 2199 499 2274 poteris,
520 2215 609 2274 quare
630 2197 841 2258 distinctionem
859 2196 1036 2258 diversarum
1048 2199 1188 2258 ιίιῑοιιιιιιι

108 2283 110 2288 ’
154 2287 193 2347 ad
214 2293 349 2346 octavum
370 2284 527 2344 distulerim
554 2285 659 2353 locum.
701 2285 768 2344 Non
789 2286 899 2360 absque
920 2287 1030 2345 ratione
1052 2290 1082 2345 et
1104 2297 1189 2344 ceusu

154 2375 325 2436 sacramenti
344 2374 459 2432 noveris
479 2371 536 2431 hoo
548 2372 664 2432 factum
707 2371 788 2432 Sicut
809 2375 885 2432 enim
897 2371 1028 2432 Christus
1047 2373 1077 2430 in
1090 2371 1188 2431 Evan-

153 2457 258 2540 gelio¹)
280 2459 388 2520 sedam
421 2462 581 2536 composuit
609 2476 646 2519 ex
667 2466 732 2518 octo
755 2459 998 2534 beatitudinibus,
1030 2475 1083 2534 per
1104 2475 1188 2535 qnam

155 2546 250 2607 coelos
272 2544 463 2607 conscendere
491 2549 583 2622 possit
611 2547 703 2605 omnis
726 2545 917 2621 Christianus,
944 2548 986 2604 ita
1015 2547 1046 2604 in
1067 2545 1123 2606 hac
1144 2545 1187 2604 di·

154 2636 303 2695 stinetione
325 2632 404 2692 scala
426 2631 560 2708 erigenda
581 2639 625 2692 est
646 2649 682 2692 ex
702 2633 821 2692 totidem
843 2633 1001 2708 ordinibus,
1029 2649 1082 2707 per
1104 2648 1188 2709 quam

153 2722 301 2782 humanae·
316 2721 420 2780 visioni
442 2719 653 2780 condescendat
674 2720 805 2780 coelestis
820 2723 969 2802 exercitus.
1010 2719 1079 2778 Duo
1100 2718 1189 2779 latere

126 2845 130 2850 -
152 2809 236 2868 huius
249 2807 353 2868 scalae
375 2807 432 2867 duo
454 2812 522 2878 sunt
541 2823 648 2882 genere
668 2809 827 2882 visionum,
855 2805 1009 2883 corporalis
1030 2805 1140 2866 seilicet
1161 2809 1188 2864 et

153 2896 320 2998 spiritualis,
352 2897 392 2954 ita
412 2901 525 2967 tamen,
557 2900 590 2952 ut
610 2911 661 2970 per
682 2851 857 2969 spiritualem
878 2895 970 2954 omnis
990 2895 1063 2952 visio
1084 2892 1188 2954 intelli-

152 2989 246 3060 gatur,
265 2985 295 3041 in
318 2999 374 3058 qua
396 2980 474 3042 solus
497 2982 611 3056 spiritus
633 2986 774 3078 operatur.
816 2979 1020 3040 NOVIOIUS·
1042 2979 1126 3056 Quae
1146 2984 1188 3039 est

152 3070 224 3127 mero
235 3067 410 3143 corporalis?
431 3055 674 3128 MONAGHUS:
697 3067 770 3128 Cum
780 3067 944 3144 aliqueDei
966 3067 1187 3144 donocorpora·

151 3155 215 3214 liter
235 3154 375 3230 videntur,
397 3162 426 3215 et
446 3173 497 3232 per
509 3155 559 3214 ille
573 3154 679 3231 aliquid
692 3155 867 3232 significatur
875 3150 904 3234 ³),
926 3161 958 3213 ut
970 3156 1043 3214 sient
1055 3153 1159 3230 legitur
1165 3149 1187 3232 ¹)

152 3241 285 3302 Heliseus
306 3232 377 3301 vidit
399 3260 496 3301 eunus
513 3245 613 3319 igneos
633 3245 662 3301 in
684 3249 767 3317 raptu
780 3241 891 3314 Heliae,
914 3247 943 3300 et
955 3242 1019 3301 Rex
1033 3241 1188 3300 Balthauar

152 3327 285 3390 articulos
313 3345 415 3388 manus
444 3329 626 3389 scribentis
617 3347 648 3387 m
679 3324 827 3407 pariete¹.)
869 3327 934 3388 Hac
963 3330 1072 3410 visione
1101 3343 1187 3403 saepe

152 3416 328 3494 angeliaco
349 3432 408 3474 non
431 3422 459 3474 et
472 3418 584 3476 animae
598 3410 790 3476 sanctolum
781 3434 811 3473 ιιι
826 3416 961 3474 subiectis
981 3401 1147 3491 corporibus
1168 3431 1187 3472 a

152 3503 319 3564 mortalibus
342 3500 431 3568 oculis
453 3504 595 3576 corporeis
625 3501 867 3576 contemplantur,
895 3508 928 3560 ut
955 3509 1058 3577 postea
1079 3501 1187 3562 dicetur

151 3592 205 3651 sub
228 3588 373 3667 exemplis.
414 3586 617 3648 NOVICIUS.
641 3585 723 3664 Quae
745 3595 790 3648 est
805 3590 877 3648 visio
899 3587 1072 3664 spiritualis?
1109 3586 1186 3648 MO-

169 3707 200 3776 1)
218 3706 238 3761 B
256 3707 332 3776 quie
353 3705 529 3772 imperitus
553 3701 707 3756 laudator
730 3701 818 3756 illurn
841 3702 979 3756 laudare
1001 3703 1184 3758 delicio.-

219 3774 357 3846 2.)lletth
375 3776 449 3828 5..-
420 3775 502 3842 -3)
519 3772 559 3826 ΒΡ
577 3774 777 3842 signam·-
797 3774 830 3844 l)
848 3772 969 3843 legitur
986 3770 1185 3828 ebertulibrir.

221 3845 382 3918 -5.)lleg
399 3843 441 3910 iv,
458 3844 483 3898 2.
501 3843 572 3896 lieni.
590 3843 657 3908 55.

1252 1653 1254 1694 l
