2524 4252
24 205 25 208 ‘
92 309 94 314 ,
174 228 235 288 sss
445 228 672 296 parmomo
697 229 940 298 nuooaorun

493 423 726 489 CAPITULUM
748 429 902 488 XXXIX.

254 542 302 604 De
322 547 466 606 moaucbo
489 552 541 625 qui
561 549 639 608 idem
658 553 870 626 perpetuatum
890 553 1007 610 intrare
1029 550 1123 610 voluit.

242 663 341 745 Nuper
369 669 526 729 monachus
548 671 664 746 quidam
685 671 791 731 ordinis
818 673 922 750 nostrl,
957 672 1032 731 sicut
1058 669 1135 732 didici
1161 687 1189 730 er

177 749 314 816 relatione
357 757 506 816 cuiusdam
542 757 682 832 Abbatis,
717 775 754 818 ex
792 757 906 819 licentia
940 761 1047 835 proprii
1085 758 1190 818 Abbatis

178 845 374 920 purgatorium
394 846 486 904 sancti
505 843 620 905 Patrioii
646 847 750 904 intrare
769 845 884 921 volens,
913 845 1135 906 dissuadentibus
1151 861 1190 904 se·

179 928 306 989 cundum
326 947 436 990 morem
456 931 589 990 fratribus
612 937 640 992 et
661 932 774 1008 Priore,
796 950 882 1008 super
903 934 1057 1010 marginem
1069 930 1085 1014 ¹)
1111 931 1190 992 fossae

177 1018 289 1092 positus
326 1024 371 1076 est
402 1020 432 1075 in
453 1035 598 1092 uespera.
657 1017 729 1078 Mox
763 1018 843 1078 locus
864 1013 916 1078 ’est
944 1016 1069 1099 versus²l
1095 1023 1122 1078 iu
1146 1018 1190 1077 ba·

177 1108 300 1180 rabum3
337 1111 366 1162 et
392 1120 459 1164 ecce
496 1104 649 1164 daemones
684 1109 767 1180 quasi
803 1106 838 1166 de
875 1107 981 1183 abysso
1016 1101 1191 1184 bullientes³),

178 1188 309 1249 dixerunt
338 1191 493 1251 monacho:
523 1191 618 1251 Siris
646 1193 750 1252 inuare
778 1193 816 1252 ad
844 1210 913 1268 nos,
942 1193 1052 1270 depone
1080 1209 1191 1266 cmcom3

178 1275 319 1336 cucullam
355 1277 393 1336 ad
427 1281 516 1337 instar
550 1280 642 1345 crucis
675 1279 826 1339 formatam
861 1283 903 1340 sic
935 1289 1080 1340 vocantes.
1132 1279 1191 1354 Qui-

176 1363 233 1423 bus
261 1363 307 1422 ifle
335 1365 492 1440 respondit:
528 1365 648 1424 Vestem
675 1383 769 1424 meam
797 1384 854 1426 non
883 1367 1034 1442 deponam.
1085 1367 1191 1426 Paratus

177 1467 242 1509 sum
262 1453 375 1524 intrare,
397 1458 514 1527 paratus
538 1469 601 1511 sum
623 1452 772 1512 vobiscum
795 1453 974 1528 contendere,
996 1452 1047 1513 sed
1067 1470 1122 1513 non
1141 1455 1191 1511 siue

177 1543 257 1599 veste
278 1539 460 1615 professionis
480 1554 571 1598 meae.
615 1538 744 1614 Cumque
760 1545 821 1600 tota
837 1548 921 1600 nocte
942 1543 971 1598 in
993 1540 1070 1600 hunc
1090 1538 1190 1599 modum

176 1642 241 1686 oum
264 1642 298 1686 eo
321 1627 415 1685 verbis
438 1625 643 1700 disceptarent,
673 1643 727 1686 nec
750 1633 846 1688 tamen
874 1633 1036 1704 tangerent,
1066 1643 1144 1685 mane
1167 1627 1190 1682 in

175 1713 277 1774 eodem
297 1711 361 1772 loco
389 1713 439 1772 ubi
458 1712 550 1771 fuerat
572 1712 717 1788 dimissus,
748 1720 876 1789 repertus
907 1721 958 1773 est.
1006 1710 1190 1773 NOVICIUS:

174 1799 259 1862 Unde
280 1800 370 1859 habes
393 1802 590 1859 auctoritatem
612 1799 689 1875 quod
710 1806 776 1876 post
797 1802 871 1862 hanc
896 1804 986 1860 vitam
1013 1807 1131 1877 peccata
1153 1815 1191 1856 re·

175 1886 343 1948 mittantur?
386 1885 625 1948 MONAOHUS:
647 1885 788 1947 Dominus
811 1888 878 1962 dicit
898 1889 927 1946 in
947 1887 1117 1964 Evangelio:
1145 1885 1192 1964 Qui

175 1975 283 2034 dixerat
309 1973 433 2034 bubum
460 1977 493 2032 fu
522 1974 667 2050 Spiritum
702 1982 851 2047 sonetum,
885 1992 948 2034 boa
982 1979 1143 2034 remittetur
1172 1974 1192 2028 oi

174 2079 269 2139 neque
295 2065 327 2120 irc
355 2062 411 2119 bac
440 2065 504 2120 vitu
531 2061 626 2136 aeque
652 2063 683 2119 fu
709 2059 860 2136 futurofl.
909 2061 954 2120 Ex
983 2078 1039 2137 quo
1069 2059 1192 2136 colligitur

174 2148 253 2224 quod
273 2153 340 2226 post
361 2153 482 2208 mortem
502 2151 622 2224 peccata
649 2147 787 2222 venialia,
821 2165 875 2207 nec
902 2165 960 2207 non
990 2155 1019 2208 et
1046 2147 1191 2208 mortalium

174 2252 282 2313 poena,
302 2253 376 2311 quae
399 2237 428 2293 in
449 2235 613 2310 purgatorio
636 2240 731 2294 essent
754 2234 913 2310 punienda,
934 2237 1041 2294 meritis
1065 2241 1093 2295 et
1111 2233 1191 2310 preci·

173 2322 228 2382 bus
257 2328 420 2382 sanctorum
448 2321 682 2397 suffragantibus,
711 2321 758 2380 vel
787 2322 976 2396 orationibus,
1005 2320 1192 2397 eleemosynis,

170 2409 290 2485 aliisque
310 2408 519 2468 misericordiae
541 2407 674 2485 operibus
694 2407 839 2468 Ecclesiae
863 2409 1009 2468 militantis
1029 2406 1192 2468 interceden-

172 2497 249 2558 tibus
270 2497 457 2554 remittantur.
501 2494 583 2555 Unde
605 2491 698 2554 Judas
719 2493 916 2556 Machabaeus
939 2494 1090 2556 duodecim
1116 2491 1192 2552 millia

173 2583 306 2662 dragmas
334 2585 445 2659 argenti
476 2583 586 2641 misisse
614 2581 718 2657 legitur
737 2579 978 2661 lerosolymam⁵)
1000 2599 1052 2658 pro
1080 2580 1192 2659 pcccatis

172 2675 331 2732 occisorum
339 2667 370 2751 ⁶).
412 2669 451 2728 Et
471 2668 543 2728 haeo
560 2667 595 2727 de
617 2671 780 2744 purgatorio
803 2669 907 2728 dixisse
928 2669 1052 2728 sufficiat
1060 2665 1089 2748 ²).
1135 2667 1191 2726 Hoc

171 2761 257 2820 etiam
278 2760 350 2818 scire
370 2755 458 2815 debes
480 2755 558 2831 quod
580 2772 690 2814 summe
711 2757 781 2814 boni
801 2762 834 2814 ut
853 2761 993 2832 martyres
1014 2756 1117 2816 talibus
1136 2757 1192 2830 post

171 2852 293 2905 mortem
306 2861 364 2903 non
385 2843 527 2920 indigent;
550 2858 659 2902 summe
677 2841 759 2900 malis
774 2848 807 2901 ut
827 2841 988 2902 infidelibus
1010 2842 1049 2901 nil
1068 2845 1190 2920 prosuut3

170 2932 350 2992 mediocriter
370 2947 438 2990 vero
460 2930 544 2990 bonis
567 2934 595 2989 et
615 2928 795 2988 mediocriter
816 2928 898 2988 malis
926 2936 1046 3006 prosunt
1073 2927 1191 3006 quidem,

171 3018 223 3078 sed
251 3014 448 3098 differentertl.
497 3016 558 3074 illis
588 3021 620 3074 ut
649 3015 731 3076 citius
759 3014 927 3091 liberentur3
955 3018 1017 3076 istis
1045 3022 1079 3076 ut
1093 3016 1190 3074 'mitius

85 3099 89 3108 '
170 3107 331 3180 puniantur.
374 3103 504 3180 Quorum
525 3110 621 3162 tamen
642 3119 736 3179 poena
757 3102 971 3162 interminabilis
993 3109 1044 3163 est.
1085 3097 1190 3162 NOVI·

170 3189 273 3250 CIUS:
295 3191 407 3250 Vellem
419 3208 495 3250 nunc
517 3191 615 3249 audire
637 3189 744 3264 aliquid
767 3189 803 3249 de
823 3190 914 3265 gloria
935 3191 1081 3249 iustorum.
1122 3183 1189 3246 MO-

163 3275 340 3350 ,NACHUssz
361 3276 445 3340 Prius
460 3280 513 3337 tria
527 3276 563 3336 dc
577 3279 676 3354 poenis
697 3277 884 3352 reprobomm
901 3279 1079 3354 praemittam
1101 3291 1188 3334 crem-

167 3365 232 3442 pla,
252 3364 322 3423 locis
344 3365 402 3422 suis
424 3363 570 3442 neglecta,
592 3369 624 3426 ut
646 3365 687 3426 sic
708 3366 789 3442 nigro
813 3362 907 3424 colore
930 3363 1087 3438 substrato,
1114 3361 1188 3422 albus

168 3453 259 3530 magis
284 3449 436 3511 elucescat.

182 3607 215 3676 1)
232 3603 253 3658 B
271 3604 454 3672 marginem.
473 3631 504 3644 -
523 3602 555 3668 2)
572 3601 633 3658 uer
651 3579 765 3654 versus
783 3608 842 3653 ert.
860 3593 891 3642 -'-
911 3602 943 3670 3)
961 3601 1000 3654 BP
1018 3600 1186 3656 bulieutcs,

234 3673 345 3729 aeona
363 3671 574 3725 ebullientes.
594 3701 624 3712 -
644 3672 774 3739 fJMatrh.
794 3671 837 3736 12,
854 3671 938 3724 32—
950 3673 982 3736 5)
998 3671 1040 3724 ot
1057 3673 1087 3722 in
1105 3667 1184 3722 loro·

233 3745 397 3813 solymam.
418 3773 449 3784 -
469 3743 501 3811 6)
519 3741 630 3794 lluchub.
649 3742 684 3804 11,
709 3742 750 3806 12,
768 3742 897 3810 43.-7)
915 3739 981 3794 uti
998 3741 1084 3794 dicta
1101 3735 1185 3792 tuffi-

233 3817 332 3869 ciant.
353 3845 382 3854 -
403 3814 435 3884 8)
453 3814 490 3866 slo
507 3810 563 3878 01³3
581 3813 659 3864 ceteri
677 3809 923 3864 indifferenter.
