2512 4254
507 297 732 368 nissmutio
754 299 865 367 NONA

513 498 745 560 GAPITULUM
763 497 849 560 XVI·

259 615 307 679 De
320 615 446 721 'ecclesio
465 619 619 680 cumbritio
641 628 669 680 et
690 637 812 697 coruom
833 611 959 679 Domini
982 621 1099 680 intorto.

227 733 294 802 Nou
323 748 366 802 est
395 741 443 800 diu
466 742 544 818 quod
566 741 707 818 quaedam
736 740 856 802 ccclesia
877 743 906 800 in
927 742 1074 817 provincia
1099 745 1184 800 nostra

165 835 266 890 exusta
287 837 338 889 est
382 829 512 904 Cumque
535 832 634 888 omnia
652 845 726 904 quae
749 829 1014 908 cremaripoteraut
1034 829 1062 887 in
1076 825 1185 888 ubuum

163 917 282 978 tuissent
301 915 426 991 redacta,
446 916 567 976 flammis
588 918 687 994 sopitis
700 916 830 976 homines
851 917 990 976 intrantes
1011 914 1102 974 solam
1118 911 1184 992 pixi-

164 1004 231 1063 dem
266 1021 331 1063 cum
367 1019 485 1079 corpore
519 1002 622 1061 Christi
657 1001 784 1062 illaesam
807 1019 893 1079 super
915 1001 1006 1062 altare
1027 1003 1186 1078 repererunt

164 1089 251 1167 Quod
277 1106 329 1167 pro
359 1089 495 1150 miraculo
517 1107 622 1166 magno
644 1091 718 1148 sicut
738 1105 838 1148 revera
858 1089 926 1164 luit,
956 1087 1087 1148 Conrado
1106 1085 1185 1147 Priori

162 1177 235 1237 Loci
261 1183 377 1236 sauctae
398 1175 507 1234 Mariae
531 1183 565 1244 ‚et
586 1176 647 1236 aliis
670 1175 907 1252 quampluribus
929 1177 1083 1238 relerentes
1102 1174 1186 1234 Deum

162 1263 407 1340 glorificaverunt,
435 1263 589 1338 plurimum
616 1281 667 1340 per
693 1263 760 1342 hoc,
778 1265 806 1322 in
835 1262 892 1321 lide
923 1263 1081 1322 confortati.
1120 1260 1186 1320 Ecce

163 1349 254 1409 habes
276 1367 311 1408 ex
324 1347 339 1428 ¹)
361 1349 493 1426 hisquae
513 1349 677 1425 dictasunt,
698 1349 911 1411 evidentissima
923 1357 1100 1428 argumenta,
1119 1343 1184 1424 quod

134 1443 137 1452 ’
164 1439 242 1495 omni
263 1443 419 1511 creaturae,
439 1437 608 1512 rationabili,
628 1443 661 1494 ut
682 1437 798 1511 bomini,
819 1435 1013 1512 irrationabili,
1034 1443 1067 1496 ut
1086 1439 1184 1495 auima-

162 1522 252 1598 libus,
272 1524 441 1597 insensibili,
462 1541 555 1598 aquae
576 1523 697 1598 scilicet,
724 1530 830 1596 terrae,
852 1523 911 1582 aeri
933 1530 961 1582 at
982 1525 1058 1599 igni,
1077 1519 1183 1582 manile-

164 1607 267 1691 stata²)
282 1614 318 1670 sit
330 1613 420 1670 virtus
431 1611 518 1670 divirri
528 1607 612 1668 huius
623 1611 803 1668 sacramenti.
823 1605 1028 1670 NOVIGIUS:
1044 1609 1116 1671 Satis
1125 1607 1183 1666 mibi

163 1699 316 1773 probatum
339 1705 381 1757 est
403 1697 481 1773 quod
502 1698 556 1757 sub
571 1700 666 1772 specie
687 1699 769 1772 punis
791 1699 828 1756 sit
848 1713 948 1756 verum
962 1714 1066 1772 corpus
1080 1694 1183 1768 tibrum

163 1802 239 1844 nunc
261 1791 357 1844 autern
379 1802 478 1843 verum
501 1787 561 1843 eius
584 1786 752 1860 sanguinem
774 1800 836 1843 esse
858 1784 911 1842 sub
935 1787 1032 1858 specie
1053 1783 1122 1858 viui,
1149 1780 1184 1839 si-

164 1871 278 1930 milibus
298 1871 368 1930 mihi
389 1869 525 1945 exemplis
547 1870 690 1929 ostendas.
732 1868 968 1930 MONAGHUS:
990 1870 1108 1930 Noreris
1124 1883 1185 1928 con·

164 1957 269 2018 slmiles
299 1975 400 2017 causas
437 1973 499 2015 csse
521 1955 755 2032 subsequentium
777 1957 919 2016 visionum
941 1975 1014 2032 quas
1023 1954 1044 2038 ³)
1066 1963 1094 2016 ct
1111 1969 1185 2031 pruo-

165 2043 334 2104 ccdentium.
378 2043 573 2119 Quibusdam,
601 2051 633 2102 ut
649 2035 749 2118 iustis,
780 2043 871 2103 forma
895 2045 1042 2122 sauguinis
1072 2039 1186 2103 ostendi·

164 2138 225 2207 tur,
254 2130 292 2191 ad
314 2130 472 2190 devotionis
495 2147 564 2190 suae
585 2131 855 2206 remunerationem
886 2130 921 2190 de
943 2135 1119 2191 sacramento
1138 2127 1186 2185 du·

162 2217 333 2294 bitantibus,
354 2217 391 2276 ad
414 2218 662 2295 confortationem
683 2214 759 2278 mule
778 2217 958 2294 viventibus,
985 2217 1024 2278 ad
1044 2216 1187 2294 correptio-

162 2321 238 2366 uem.
279 2305 355 2365 Ecce
378 2305 516 2380 exempla.

392 2519 395 2526 ‚
502 2491 735 2555 OAPITULUM
756 2493 857 2555 XVII.

185 2620 233 2680 Dc
254 2617 369 2678 Abbute
386 2618 512 2677 Daniele
534 2620 585 2693 qui
604 2615 737 2693 fororum
759 2619 913 2692 suaquarta
933 2617 1008 2677 uidit
1029 2620 1061 2678 ia
1080 2616 1183 2688 eodm,

128 2768 131 2776 =
228 2742 328 2802 Bonae
354 2741 508 2799 memoriae
540 2738 644 2796 Daniel
674 2737 777 2796 Abbus
809 2737 986 2813 Suomarius,
1026 2735 1186 2816 quaudoque

164 2828 246 2889 Prior
266 2835 377 2903 noster,
406 2845 471 2886 cum
494 2822 568 2904 diet)
592 2825 716 2900 quadam
736 2827 853 2884 missam
875 2824 1047 2901 celebraret,
1077 2825 1186 2886 forman

152 2914 281 2996 ¹humani
302 2916 447 2991 sanguinis
467 2913 496 2971 in
519 2911 605 2972 calice
626 2909 705 2971 vidit.
746 2909 786 2970 Et
807 2915 875 2988 quia
895 2918 964 2972 tunc
985 2913 1117 2990 temporis
1134 2923 1185 2969 nou

163 2999 216 3059 luit
247 3003 301 3061 sibi
323 3003 453 3060 conscius
475 2997 593 3058 alicuius
614 2997 756 3073 mortalis,
784 2999 906 3058 candem
927 3001 1066 3060 visionem
1085 3011 1185 3072 aequu-

161 3099 252 3162 quam
279 3089 332 3146 sibi
364 3087 402 3145 ad
428 3085 576 3161 iudicium,
612 3085 664 3145 sed
700 3085 737 3144 ad
766 3085 991 3147 consolationem
1031 3097 1185 3147 concessam

164 3176 297 3250 speravit.
352 3173 446 3232 Huius
479 3175 595 3232 visionis
627 3169 719 3233 testis
743 3178 787 3232 est
825 3169 1001 3252 Gerardus⁸l
1040 3169 1184 3232 monachus

165 3268 271 3334 noster,
291 3258 445 3333 aliquando
468 3261 676 3318 concanonicus
698 3259 809 3320 clusin
837 3261 937 3318 maiori
959 3259 1080 3321 ccclesia
1107 3257 1185 3319 Golo-

162 3351 235 3410 uiae
279 3346 466 3421 Comparetur
491 3341 604 3425 igitur⁶)
625 3348 698 3404 visio
718 3345 791 3405 baec
811 3347 913 3405 visioni
936 3345 1118 3422 Godescalci,
1144 3341 1185 3488 {lui

162 3435 318 3495 Dominum
344 3431 416 3490 vidit
443 3432 497 3491 sub
519 3435 614 3507 specie
634 3433 716 3507 panis
736 3434 766 3489 in
787 3431 878 3492 torma
898 3433 1028 3508 infantis,
1057 3436 1128 3495 deut
1164 3431 1184 3514 ζ·

163 3529 240 3585 ctum
262 3527 306 3582 est
326 3517 451 3595 capitulo
472 3518 607 3577 secundo.
638 3516 728 3576 Porro
742 3517 819 3593 quod
840 3519 994 3594 aliquando
1015 3521 1107 3581 forma
1124 3535 1184 3579 sau·

69 3643 73 3655 ·
161 3613 255 3690 guinis
283 3605 454 3685 quibusdam
483 3603 518 3663 de
546 3611 724 3664 sacramento
754 3603 949 3666 dubitantibus
970 3599 1183 3668 ostendatured

163 3699 406 3768 confortationem,
428 3707 521 3751 sermo
543 3706 666 3766 aequem
688 3687 851 3770 decursu).

181 3813 251 3884 t)·c
268 3807 454 3933 lma-2331)
471 3802 770 3887 manilestu.··-·3]B
788 3819 877 3873 quea.
895 3807 1070 3876 -tJABct‘
1087 3807 1182 3889 ludia

204 3893 208 3898 ’
232 3881 354 3952 *tntu
401 3873 765 3944 ernsrdua.-6)rv·····
781 3889 822 3904 ⁶*
835 3874 1182 3946 tu.-t)0usclmba

913 4025 939 4076 'b
