2524 4252
159 259 221 322 328
428 257 656 320 Dlsumcrlo
681 256 923 320 DUODECIMA

158 382 183 442 sl
203 397 261 440 non
282 397 417 457 magnam
437 381 495 442 illic
516 382 658 458 cepissent
678 381 825 458 praedam.
868 381 915 440 De
936 379 982 440 his
1003 395 1073 440 vero
1097 379 1192 454 quiin

157 471 344 530 tommentis
358 468 473 544 cadunt,
492 467 572 528 nulla
594 472 722 543 quaestio
737 475 781 527 est
803 469 871 544 quin
892 467 1003 529 vadant
1022 465 1061 528 ad
1084 466 1193 538 inieras,

158 556 182 614 si
202 571 261 614 uon
282 555 386 616 luerim
406 555 496 616 adiuti
516 555 655 616 beneficio
677 557 861 616 counitionis.

500 709 734 772 CAPITULUM
754 710 856 772 XVII.

473 815 523 875 Dc
550 814 681 874 Waltero
703 816 739 874 de
761 815 877 874 Milone.

222 935 364 998 Sacerdos
393 936 509 1011 quidam
539 929 574 996 de
603 933 780 1017 Hesbania¹)
816 953 892 996 anno
927 937 1074 1012 praesenti
1109 951 1193 1012 prope

154 1032 284 1085 castrum
306 1024 424 1083 Comitis
445 1023 581 1083 Losensis
604 1022 672 1081 dum
696 1027 725 1082 in
746 1022 913 1099 crepusculo
942 1025 1035 1082 noetis
1064 1024 1193 1082 transiret

158 1111 195 1171 de
216 1111 327 1170 villain
348 1109 455 1183 villam,
476 1109 548 1168 vidit
561 1113 589 1168 in
612 1128 714 1185 campo
735 1113 829 1169 vicino
851 1112 1008 1169 marimum
1028 1117 1192 1168 tornamen-

158 1206 219 1257 tum
240 1204 433 1271 mortuomm,
453 1196 548 1258 valide
570 1197 768 1272 clamantium,
792 1196 905 1256 domine
927 1196 1056 1257 Waltere
1079 1195 1116 1256 de
1136 1195 1192 1254 ldi-

156 1284 238 1358 leue,
267 1279 379 1343 domiue
407 1283 536 1343 Walters
565 1282 601 1343 de
622 1283 737 1343 Milone.
787 1284 857 1344 Erat
884 1283 961 1343 idem
990 1283 1140 1343 Walterus
1166 1284 1192 1339 in

157 1371 257 1429 militia
277 1372 448 1444 nominatus,
470 1368 647 1450 nuperque²)
670 1371 829 1430 defunctus.
871 1369 1037 1446 Intelligeus
1061 1368 1192 1430 sacerdos

153 1445 222 1516 illos
244 1473 306 1516 esse
332 1458 380 1532 qui
401 1457 523 1516 militum
544 1456 685 1516 nundinas
707 1457 881 1517 execrabiles
903 1452 1193 1534 repraesentabants),

157 1544 324 1619 subsistens,
346 1543 482 1603 circulum
505 1546 580 1603 cirea
602 1560 633 1603 se
653 1544 729 1604 feeit
773 1543 902 1620 Cumque
917 1546 990 1604 visio
1012 1547 1192 1618 cessaretet

158 1632 220 1708 ipse
241 1630 425 1707 procederet,
446 1633 548 1690 iterum
571 1630 635 1690 illos
656 1631 773 1706 videns,
794 1631 860 1691 lecit
881 1637 914 1689 ut
933 1633 1020 1706 prius,
1040 1633 1084 1692 sio
1105 1645 1190 1704 usque

159 1717 198 1778 ad
218 1716 313 1778 lucem
334 1717 476 1777 laborans.
518 1716 584 1777 Hae
607 1717 681 1779 duae
702 1720 826 1778 visiones
852 1717 922 1776 mihi
948 1717 1056 1778 relatae
1084 1722 1191 1776 sunta

158 1804 276 1881 Wigero
304 1805 446 1864 monacho
473 1804 635 1865 Vilariensi.
684 1805 817 1864 Referam
843 1806 895 1864 tibi
922 1822 1000 1866 nunc
1031 1803 1188 1881 exemplum

159 1890 196 1951 de
216 1908 311 1967 poena
331 1894 532 1952 usurariomm.

490 2045 724 2110 CAPITULUM
744 2046 862 2108 XVIH.

158 2169 206 2228 Dc
226 2167 317 2228 meite
332 2174 453 2229 mortuo
466 2173 519 2246 qut
539 2176 624 2229 nocte
644 2177 791 2245 tepentes
804 2176 833 2229 ct
853 2167 978 2246 bassones
992 2169 1055 2228 loco
1068 2169 1185 2246 pisam

444 2263 514 2315 astte
531 2264 655 2332 portum
673 2258 728 2334 filii
748 2257 906 2333 suspendit

219 2373 304 2436 Miles
333 2375 449 2452 quidam
474 2379 598 2438 moriens
623 2378 707 2437 bonis
736 2376 773 2438 de
801 2395 889 2438 usura
910 2377 1076 2454 conquisitis
1102 2373 1184 2435 filium

156 2478 239 2522 suum
260 2461 438 2522 hereditavit.
480 2462 572 2523 Nocte
594 2463 719 2540 quadam
741 2464 779 2524 ad
800 2468 905 2524 ostium
924 2463 1033 2524 sortiter
1059 2463 1185 2542 pulsans,

156 2566 222 2610 cum
235 2565 307 2625 puer
328 2556 496 2626 occurreret,
518 2557 547 2610 et
569 2551 638 2626 quid
651 2553 690 2611 ibi
711 2551 839 2630 pulsaret
858 2554 1052 2628 interrogaret,
1072 2565 1184 2626 respon·
1245 2585 1247 2628 r

156 2635 212 2696 dit:
233 2633 423 2717 Intromitte⁴)
449 2654 510 2711 mc,
540 2654 594 2714 ego
624 2655 689 2696 sum
718 2639 848 2698 domiuus
876 2638 961 2697 huius
989 2637 1184 2714 possessionis,
1246 2695 1247 2703 ,

154 2739 259 2786 nomen
280 2740 364 2784 suurn
386 2726 555 2800 exprimens.
597 2724 674 2784 Puer
688 2743 739 2800 per
760 2725 887 2784 foramen
908 2725 985 2800 sepis
1005 2724 1182 2801 prospiciens,

155 2827 277 2886 eumque
300 2827 485 2887 cognoscens,
506 2812 667 2888 respoudit:
698 2811 782 2873 Certe
805 2811 935 2872 dominus
957 2827 1039 2886 meus
1063 2815 1183 2870 mortuus

155 2903 207 2973 est,
227 2913 285 2956 uon
299 2914 352 2956 vos
364 2899 557 2957 intromittam.
587 2897 717 2974 Cumque
739 2905 868 2958 mortuus
890 2897 1031 2976 pulsando
1052 2910 1181 2973 perseve-

155 2989 231 3042 raret
250 3001 305 3044 uec
326 2983 491 3060 proficeret,
519 2986 672 3044 novissime
695 2985 781 3044 dixit:
808 2985 897 3044 Deser
916 2988 1011 3060 pisces
1032 2986 1102 3044 istos
1123 2981 1180 3058 qui·

156 3070 211 3131 bus
234 3087 287 3146 ego
316 3077 419 3130 resc'or
446 3069 504 3130 filio
533 3088 614 3149 meo;
643 3089 711 3132 eece
740 3070 777 3131 ad
805 3079 918 3148 portam
945 3070 1009 3131 illos
1038 3066 1181 3147 suspendo.

154 3155 243 3217 Mane
265 3164 415 3232 excuntes,
443 3164 607 3234 reperemnt
628 3161 657 3222 in
680 3159 806 3234 quodam
826 3159 959 3236 ligamine
982 3155 1179 3216 multitudinem

154 3242 292 3303 bufonum
314 3250 400 3319 atque
420 3242 623 3326 serpentum).
665 3245 780 3305 Revera
796 3248 850 3305 iste
873 3251 916 3304 est
937 3245 1018 3303 cibus
1039 3239 1181 3312 insemalie,

154 3331 203 3406 qui
225 3330 289 3406 igne
311 3330 464 3406 sulphureo
488 3333 663 3408 decoquitur.
705 3330 908 3392 NOVIOIUS:
932 3330 1009 3407 Quid
1037 3333 1122 3390 sentis
1148 3325 1178 3384 de

153 3417 198 3492 his
221 3419 269 3492 qui
290 3416 365 3476 male
386 3420 502 3493 vivunt,
531 3426 676 3478 ettamen
703 3419 901 3496 eleemosynas
928 3417 1034 3477 multas
1060 3409 1179 3478 iaciunt?

152 3502 388 3564 MONAOHUS:
410 3503 487 3562 Nihil
509 3506 548 3564 eis
569 3505 686 3582 prodest
707 3504 745 3566 ed
767 3508 856 3566 vitam
877 3510 1032 3565 aeternam.

170 3621 201 3690 l)
219 3621 280 3674 Blll’
297 3620 461 3688 llispania.
488 3621 622 3685 llesbania,
640 3625 694 3675 sive
711 3631 740 3674 ut
752 3622 847 3676 hebent
859 3620 908 3686 CF,
925 3621 1061 3686 llesbanirq
1078 3617 1177 3673 luitco-

220 3693 288 3743 mitia
305 3691 331 3742 in
348 3692 475 3742 territorio
488 3690 626 3744 leodiensi.
647 3722 677 3731 -
696 3693 728 3760 2]
747 3707 808 3761 que
826 3709 867 3746 om
885 3690 977 3744 BGDF.
997 3721 1029 3730 -
1046 3690 1078 3760 3)
1095 3690 1115 3743 Β
1131 3687 1176 3756 qui

220 3759 315 3812 militi
341 3787 372 3800 -
394 3761 663 3827 praesentabant.
689 3791 719 3802 -
738 3764 771 3830 l)
789 3761 831 3815 Bl)
858 3763 1085 3815 intromittite.
1103 3754 1175 3822 -5)
1244 3779 1245 3834 l

220 3828 467 3896 Eserpeutium.
