2524 4252
202 297 212 302 -
321 242 375 304 DE
396 240 578 304 PRAEMIO
600 239 865 306 MouuUORUM.
1045 244 1106 304 339

75 365 223 444 respondit
242 364 304 426 illa:
327 367 382 426 Pro
405 371 466 425 arte
487 367 607 443 magica.
634 365 745 424 ,Timui
774 367 849 424 enim
870 381 907 424 ne
920 360 937 444 ¹)
960 381 1026 426 cum
1047 365 1109 426 aliis

75 453 240 514 mulieribus
261 459 410 529 peccaret,
437 454 462 512 si
482 469 528 511 mc
557 451 662 527 odiret,
691 459 719 510 et
750 469 803 528 ego
831 451 871 510 illi
900 469 988 512 causa
1016 470 1108 512 essem

75 539 286 602 adulteriorum.
328 539 412 600 Unde
440 539 612 614 quibusdam
639 540 747 598 artibus
769 541 842 599 sicut
864 537 966 600 edocta
986 538 1110 616 fueram,

74 627 113 688 ad
141 643 270 688 amorem
297 643 393 686 meum
419 625 498 684 illum
519 625 702 684 inflammavi.
744 625 782 684 Et
803 629 871 700 quia
891 627 921 686 in
943 642 1030 685 causa
1052 643 1109 686 non

75 719 138 774 erat
156 713 245 773 libido
273 712 325 772 sed
345 715 394 789 pia
415 714 548 786 intentio,
580 713 654 772 bene
675 719 775 788 potero
797 714 897 771 iuvari.
940 711 1022 773 Haec
1045 731 1110 772 cum

74 800 167 861 relata
187 800 307 860 luissent
327 800 415 874 militi,
437 801 519 858 uxori
540 799 624 858 valde
647 798 816 873 condolens,
846 799 1037 874 orationibus,
1065 803 1110 860 ie·

74 889 160 948 iuniis
182 893 211 946 et
232 886 418 963 eleemosynis
431 885 473 944 illi
491 903 656 946 succurrere
678 886 795 959 studuit,
816 888 941 944 animam
963 887 1023 944 ains
1045 889 1110 962 qui-

75 975 245 1049 buscunque
266 978 379 1050 poterat
407 972 618 1033 commendans
669 971 871 1032 NOVICIUS:
898 973 1035 1044 Terribile
1068 981 1112 1032 est

75 1061 156 1138 quod
183 1059 264 1120 Deus
292 1059 396 1120 iudicio
426 1065 522 1119 nostro
551 1065 611 1118 tam
639 1061 756 1118 minima
785 1066 845 1118 tam
869 1061 993 1136 graviter
1022 1063 1111 1136 punit.

74 1145 311 1210 MONACHUS:
333 1145 379 1206 De
400 1145 456 1206 hoc
478 1141 625 1226 referam²)
649 1145 820 1222 exemplum.

397 1315 630 1396 enarraturi
650 1335 798 1396 xxvrrr.
850 1339 857 1358 ’

98 1459 148 1520 De
168 1457 313 1519 mondolio
335 1461 388 1534 qui
407 1461 485 1517 socio
502 1463 573 1534 poet
593 1464 719 1533 mortem
741 1475 889 1532 maresa
911 1458 998 1518 dicit:
1020 1460 1091 1518 Non

251 1544 399 1622 putabam
413 1546 586 1617 ‚Dominum
608 1547 652 1602 ita
675 1562 733 1603 esee
756 1544 929 1603 districtum.

142 1665 304 1727 Monachus
326 1666 442 1744 qnidam
464 1666 568 1726 ordinis
589 1667 678 1724 nostri
699 1682 790 1740 nuper
811 1665 924 1724 cuidam
945 1672 1013 1742 post
1033 1685 1112 1726 mor-

76 1760 137 1815 tem
147 1771 299 1831 apparens,
318 1755 470 1829 requidtus
492 1753 528 1812 dc
544 1758 621 1813 statu
638 1769 698 1827 suo,
720 1754 760 1811 sio
778 1752 936 1830 respondit:
958 1753 1113 1830 Nunquam

77 1837 229 1918 putassem
241 1840 398 1900 Dominum
418 1841 506 1900 luisse
527 1846 587 1898 tam
609 1838 788 1898 districtum:
806 1839 882 1898 Nam
904 1841 1020 1899 minima
1039 1857 1113 1915 quae

77 1928 127 1987 hic
148 1945 207 1987 non
228 1927 331 1986 luerint
351 1943 403 2004 per
431 1926 653 1986 satisfactionem
683 1926 792 2001 deleta,
815 1927 958 1986 observat.
1000 1925 1113 1988 Deinde

77 2015 228 2075 subiunxit
249 2020 277 2074 et
297 2014 361 2073 hoo.
393 2013 483 2087 Deus,
504 2015 603 2090 inquit,
624 2015 754 2090 ignoscat
767 2013 899 2088 praelatis
913 2016 1024 2090 nostris,
1046 2016 1114 2091 quia

77 2104 191 2178 magnis
213 2107 243 2160 et
262 2100 359 2162 multis
380 2117 466 2178 saepe
488 2117 541 2160 nos
563 2100 716 2160 subiiciunt
735 2102 844 2176 poenis.
887 2101 981 2160 Valde
1001 2101 1114 2162 illorum

77 2195 235 2264 praecepta
254 2186 351 2264 ligant.
395 2186 516 2266 Quando
539 2189 614 2246 enim
634 2187 784 2246 indiscrete
807 2187 913 2262 aliquid
929 2190 1114 2264 praecipiunt,

78 2281 110 2334 et
130 2274 238 2334 subditi
258 2274 313 2334 hoc
335 2277 428 2334 minus
450 2274 615 2350 attendunt,
637 2273 684 2332 vel
705 2273 929 2349 parvipendunt,
949 2274 1044 2335 futoro
1066 2279 1112 2335 iu-

79 2361 153 2422 dicio
175 2368 345 2422 reservatur.
387 2359 589 2422 NOVICIUS:
613 2359 687 2436 Quid
709 2360 779 2420 dicis
801 2360 837 2420 do
856 2359 1003 2421 monachis
1024 2365 1114 2440 perti-

78 2446 223 2509 nacibus?
255 2445 489 2508 MONAOHUS:
512 2447 673 2507 Pertinacia
694 2449 794 2507 vitium
817 2454 860 2506 cst
872 2464 966 2524 poena
989 2447 1114 2527 dignum,
1178 2475 1184 2484 ·

80 2537 168 2596 etiam
190 2537 215 2594 si
235 2534 318 2596 luerit
337 2535 367 2596 in
388 2530 493 2615 bono³)
516 2540 615 2595 oontm
635 2541 790 2612 praccepta
810 2535 1010 2612 praelatorum.

399 2723 645 2786 -osrmunuu
667 2676 792 2786 xxrxss

165 2847 215 2906 De
234 2847 404 2908 scholastico
426 2849 478 2924 qui
493 2853 564 2922 post
585 2853 708 2906 morton
730 2850 762 2905 ia
783 2846 873 2908 Prot
894 2845 1028 2906 tabulam

446 2937 591 3010 percussit
612 2940 640 2993 et
663 2933 755 2993 ccidit

146 3055 183 3114 In
202 3071 291 3132 regno
312 3054 451 3115 Franciae
474 3053 575 3114 domus
598 3061 642 3114 est
666 3071 740 3136 quae
762 3049 869 3133 pratil)
899 3052 1016 3131 dicitur,
1038 3054 1117 3116 ordi·

81 3143 126 3202 nis
148 3141 352 3202 cisterciensis.
393 3141 428 3200 ln
449 3141 504 3202 hac
525 3148 654 3204 recenter
676 3143 794 3217 contigit
815 3158 860 3200 res
883 3143 1117 3217 satismirabilis,

81 3231 158 3289 sieut
177 3228 333 3288 retuderunt
345 3229 428 3288 nobis
440 3226 572 3288 Abbates
592 3231 681 3288 nostri
700 3245 776 3287 anno
798 3230 948 3303 praeterito
970 3238 1116 3290 reverten-

82 3316 178 3376 lesda
199 3315 324 3392 generali
340 3315 481 3391 capitulo.
513 3313 588 3376 Nam
602 3313 718 3390 quidam
740 3314 777 3373 ab
791 3313 908 3379 Abbate
929 3317 957 3374 in
970 3334 1027 3392 quo
1045 3320 1116 3377 visio

81 3403 160 3463 iacta
183 3409 227 3462 cst
248 3419 279 3462 se
301 3402 446 3462 audivisse
456 3397 476 3482 ⁵)
496 3401 592 3460 testati
613 3407 687 3460 sunt.
737 3400 914 3462 Adolescens
944 3404 1060 3479 quidam
1088 3405 1117 3461 in

84 3488 187 3550 eadem
210 3489 294 3548 domo
315 3489 407 3549 lactus
436 3496 480 3550 ost
507 3489 652 3564 novicius,
682 3505 768 3566 quem
797 3492 932 3566 magister
959 3508 1029 3550 suus
1051 3507 1118 3549 mox

101 3604 134 3673 1)
151 3603 223 3656 une
241 3605 378 3662 maritus
396 3620 499 3670 meus,
516 3603 537 3658 lt
554 3620 593 3658 ne
610 3606 660 3659 vir
678 3621 772 3658 meus.
793 3635 823 3646 -
843 3606 875 3674 2)
893 3604 936 3658 CF
955 3605 1017 3657 tibi
1034 3605 1120 3656 rele-

154 3686 227 3728 runr.
242 3704 272 3713 -
287 3675 319 3738 3)
336 3673 376 3726 ΕΡ
388 3675 492 3726 luerit
509 3673 600 3726 bona.
613 3705 645 3714 -
655 3675 687 3742 l)
706 3675 863 3738 llrulliaoum
879 3674 1001 3740 Prouilly‚
1019 3673 1119 3726 abbatia

152 3741 281 3795 Diocaesis
298 3744 458 3808 senonensis,
476 3743 580 3802 fundata
598 3760 612 3796 a
631 3745 775 3802 Theobaldo
793 3744 891 3802 Conrite
909 3743 1067 3812 Campaniae.
1088 3773 1118 3784 -

155 3811 289 3881 5)AOEF
308 3812 448 3868 audisse.
