2506 4254
344 295 400 358 nn
422 293 606 360 comosa
627 293 794 360 onerent.
906 269 909 286 ’
1039 293 1098 356 rar

322 441 325 448 ’
405 433 637 552 unumunurn
657 487 761 550 xxn.

95 611 143 672 Dc
163 613 315 689 corporale·
335 619 521 672 racaneto
541 611 651 688 desero,
673 614 726 688 qul
736 607 756 685 ¹)
779 609 861 670 'chloe'
880 625 944 670 cort
958 615 1069 696 potuit,

272 699 365 760 doum
384 699 499 759 tuleras
521 699 659 758 dubitans
679 699 755 758 illud
776 699 894 758 uideret.

126 817 270 882 Sacerdos
304 819 420 898 qnidam
453 821 483 882 in
517 820 652 880 Dioecesi
686 819 862 896 Coloniensi,
897 818 1023 896 quadem
1055 818 1101 882 dle

66 906 183 968 missam
206 908 362 984 celebrans,
382 910 458 968 insto
480 907 538 968 Dei
558 907 663 967 iudicio
685 908 803 968 calicem
824 925 890 967 cnm
912 908 1101 984 sanguinein

67 1009 174 1056 canone
207 994 281 1056 fudit
309 1011 394 1071 snper
416 994 573 1071 corporale.
617 993 703 1070 Quod
730 997 827 1054 statim
855 994 973 1054 humani
993 996 1101 1054 cruoris

67 1083 198 1158 concepit
227 1081 358 1142 formam.
401 1081 531 1158 Cumque
551 1082 629 1141 dicta
649 1083 738 1141 misse
758 1081 892 1142 sacerdos
913 1083 997 1140 nimis
1017 1098 1102 1142 moc-

66 1182 129 1228 rcns
156 1185 245 1245 snper
273 1169 392 1246 calicem
418 1168 490 1228 illud
518 1169 644 1229 crebrius
672 1168 805 1244 levisset,
833 1169 955 1228 rubeum
976 1168 1102 1230 colorem

68 1252 182 1316 abluere
203 1273 261 1316 non
283 1257 384 1333 potnit.
426 1254 509 1316 Tunc
530 1255 652 1334 amplim
667 1256 789 1330 territus,
810 1257 952 1316 orationes
968 1257 1102 1317 omnibus

67 1341 124 1400 suis
135 1342 319 1418 parochianis
331 1343 460 1417 institnit,
476 1342 625 1424 corporale
638 1342 717 1418 levit,
739 1342 792 1402 sed
804 1360 862 1404 non
874 1343 1003 1420 proiecit
1034 1343 1101 1420 Quo

70 1428 127 1487 viso
147 1429 252 1490 tollens
273 1447 372 1490 secum
392 1446 506 1492 sacrum
514 1425 535 1510 ²)
555 1429 711 1505 lintheum,
735 1428 920 1506 Rudolphum
941 1429 1102 1495 Seronat-

70 1527 131 1574 eum
153 1515 362 1591 coloniensem,
382 1518 476 1576 virum
496 1519 593 1594 magni
605 1518 728 1576 nominis
749 1519 906 1591 accersivit,
928 1533 1027 1578 casum
1048 1535 1102 1596 ex·¹

70 1603 175 1680 posuit,
208 1603 354 1682 corporale
383 1603 522 1679 ostendit,
553 1611 583 1664 ct
614 1603 692 1679 quod
719 1602 798 1662 nullo
825 1603 935 1679 liquore
956 1604 1035 1664 oolor
1053 1605 1102 1668 ills

71 1692 238 1766 sanguineus
259 1690 348 1766 ablui,
368 1689 503 1767 nullaque
523 1695 585 1752 arte
597 1692 659 1751 sive
676 1692 803 1750 oratione
817 1696 916 1766 posset
929 1689 1016 1756 deleri
1029 1708 1102 1753 con·

71 1779 187 1837 testatus
209 1783 261 1838 est
306 1777 359 1838 Oui
379 1777 426 1836 ille
447 1781 522 1838 sicut
542 1780 586 1837 vir
606 1776 732 1854 prudens
752 1775 910 1852 respondit:
936 1777 1025 1838 Estne
1045 1778 1102 1838 uli·

72 1863 130 1936 quis
150 1865 179 1923 in
200 1863 338 1942 parochia
355 1871 457 1938 vestra,
478 1866 528 1941 qui
550 1865 586 1926 de
606 1863 662 1924 hoo
676 1871 855 1925 tenemento
876 1863 1008 1924 dubitet?
1039 1865 1102 1928 Re-

72 1950 181 2024 epondit
201 1951 349 2014 sacerdos:
370 1951 424 2010 Est
445 1950 588 2027 quaedam
608 1949 733 2027 incluse,
758 1967 833 2028 quee
852 1950 1015 2028 frequenter
1034 1953 1102 2016 inde

74 2031 186 2098 dubitat
229 2035 270 2098 At
298 2038 359 2100 ille:
390 2036 539 2098 Ostendite
567 2037 619 2113 illi,
650 2037 728 2098 lorte-
750 2036 856 2098 ideirco
877 2037 960 2099 Deus
980 2042 1102 2118 vestigia

73 2127 211 2201 sangoinis
232 2127 262 2185 in
282 2125 339 2186 hoc
361 2126 499 2202 corporali
521 2124 607 2186 deleri
628 2141 686 2185 non
707 2126 786 2200 sinit,
808 2131 948 2201 quatenus
969 2127 1102 2188 chrisis

71 2205 114 2268 illu
141 2213 170 2272 in
198 2211 257 2274 fide
285 2213 442 2274 roboretur.
492 2211 578 2289 Quod
607 2229 673 2272 cum
700 2212 807 2272 sactum
835 2212 950 2288 fuisset,
976 2215 1098 2290 ,expavit

72 2296 164 2358 nuder
185 2305 214 2385 et
235 2298 362 2375 credidit,
383 2306 412 2360 et
424 2299 506 2360 Deus
527 2301 624 2360 statim
637 2301 786 2377 pristinum
804 2299 929 2360 colorem
948 2301 979 2359 in
991 2299 1099 2360 lintheo

72 2382 235 2448 relormssit
654 2381 657 2388 ’
773 2393 776 2402 '

382 2576 615 2640 CAPITULUM
640 2575 760 2640 XXIII.

72 2691 138 2759 lieu
159 2701 194 2764 de
207 2701 358 2778 corporat·
378 2701 488 2779 trofaeo,
509 2702 542 2761 lc
563 2717 624 2778 quo
644 2703 766 2778 scopula
780 2700 929 2766 humanus
949 2702 1098 2776 mutarit

129 2837 232 2900 Similis
262 2857 347 2900 casus
376 2841 494 2917 contigit
519 2833 629 2920 iuxta¹l
656 2856 725 2915 nos,
753 2838 810 2900 line
840 2844 935 2899 tamen
963 2835 1100 2897 dissimili.

74 2917 138 2984 Cum
158 2925 292 2988 sacerdus
320 2926 437 3004 qnidam
457 2929 487 2986 iri
508 2925 645 3002 ecclesia,
673 2928 754 2986 cuius
774 2942 880 2986 nomen
901 2923 1006 2986 excidit
1026 2925 1100 2984 sicut

75 3013 279 3089 tisacerdotis,
299 3016 417 3074 missam
430 3005 595 3074 festinanter
615 3020 645 3073 et
656 3013 832 3090 negligenter
848 3011 962 3087 dlcorct,
983 3009 1102 3074 calicem

74 3091 145 3159 ludit.
185 3101 302 3161 limene
323 3117 393 3160 vero
413 3117 466 3178 pro
487 3107 567 3161 tenta
588 3099 760 3177 negligentia
781 3101 806 3159 si
827 3098 865 3160 ed
886 3115 970 3159 aures
986 3098 1102 3176 precla-

75 3183 159 3247 torum
189 3187 349 3262 deveniret,
383 3187 487 3247 diutius
508 3187 547 3247 eb
579 3186 676 3248 altaris
704 3185 797 3247 officio
819 3186 969 3262 suspendi,
1002 3201 1101 3246 casum
1197 3227 1200 3236 .

74 3277 237 3352 suppresslt3
274 3273 407 3351 dictaque
442 3275 530 3334 missa
566 3273 713 3350 corporale
746 3272 927 3350 complicavit
959 3278 988 3334 et
1023 3273 1103 3332 abit

74 3349 243 3422 Autmnbat
275 3363 351 3420 enlm
385 3362 453 3438 quie
480 3377 565 3421 nemo
592 3360 719 3421 vidisset
768 3359 841 3421 Erat
868 3363 944 3420 enirn
969 3357 1103 3420 secerdos

72 3439 112 3502 illo
131 3453 159 3506 et
177 3449 250 3508 forte
271 3447 367 3509 edhuc
379 3453 434 3510 'cst
452 3447 546 3509 melae
567 3449 652 3524 vitae,
672 3463 766 3525 ¹vagus
788 3454 817 3508 et
838 3447 984 3526 negligens
1008 3444 1103 3506 valde.

72 3523 266 3610 temporarius
297 3551 366 3595 vero
400 3551 485 3612 quern
517 3533 690 3612 negligentia
721 3537 837 3596 minime
864 3533 1001 3608 latuerat,
1032 3537 1099 3608 post

73 3610 216 3682 &essum
243 3621 399 3684 sacerdotis
427 3621 574 3700 corporale
599 3621 737 3700 revolvit,
770 3631 800 3684 ct
820 3637 888 3684 ecoe
909 3620 1025 3698 sanguis
1046 3634 1097 3677 rn-

89 3797 146 3870 t)l³
163 3807 254 3877 qnod.
267 3837 298 3849 -
314 3808 401 3876 2)Αο
418 3807 541 3862 tollens
558 3823 696 3874 suornm,
712 3806 733 3861 ll
750 3759 1049 3861 tollensscenmt-
1064 3801 1098 3868 3)

129 3875 269 3946 Bclrcs,
285 3877 350 3932 Alll’
367 3877 458 3948 apud.
