2512 4254
304 288 360 349 nn
379 287 564 372 crvnasrs
585 279 821 390 ιτιειοιιιιιιιε7
1023 290 1096 351 ιοι·

66 410 226 489 cooperans?
267 409 501 472 MONAGHUS:
533 409 649 487 Duplex
671 416 715 470 est
730 413 827 487 gretia
847 409 922 486 Dei,
948 427 1086 487 operans,

66 513 109 575 per
133 515 216 575 quam
242 499 402 576 Episcopus
429 503 541 558 mntnru
561 499 670 557 bonnm
690 497 806 574 noluitp
831 511 1002 574 cooperans,
1033 515 1086 575 per

66 601 141 661 quern
168 585 239 646 illud
265 586 390 663 perfecit.
438 584 556 644 Poterat
583 583 712 644 Autistes
739 586 794 644 iste
822 584 993 645 venerabilis
1021 602 1085 646 me·

64 673 109 732 rito
135 671 239 749 dicero,
267 691 334 732 cnm
357 664 461 733 'saneto
487 669 584 732 Jacob
612 669 792 742 Pauisreha:
828 671 895 730 Vidi
920 671 1086 732 Doroiunm

64 757 131 834 focio
157 760 198 820 ad
221 759 345 838 facicm,
378 765 406 818 et
431 759 517 818 sadoc
543 757 629 834 focio
658 765 700 817 est
727 755 831 816 adimo
858 754 972 828 meai:
1012 756 1085 817 NO-

64 844 200 906 VICIUS:
228 847 343 924 Magne,
360 851 427 906 sunt
447 861 521 921 quse
542 843 620 904 dicis.
651 839 895 904 'MONACHUE
924 843 964 904 Ut
989 851 1086 912 antem

65 948 114 991 uon
141 933 232 994 solum
259 936 288 1002 in
316 949 369 992 ore.
394 932 531 1006 duorum,
558 930 611 991 sed
633 936 661 991 et
681 929 904 990 trium'testium
925 936 981 990 stet
1002 946 1086 991 omne

65 1017 215 1102 nubum),
237 1019 342 1083 addam
362 1021 474 1088 tertiam
495 1020 634 1078 visionem
655 1017 768 1078 duabus
788 1017 834 1078 his
849 1035 912 1087 non
933 1019 1086 1094 imparem,

67 1105 110 1166 scd
128 1106 200 1168 torte
219 1107 323 1168 indicio
344 1111 394 1168 tuo
409 1111 532 1182 propter
553 1121 625 1182 opus
646 1104 792 1164 maiorem.
1105 1111 1106 1115 ’

369 1345 601 1430 oscrnunuu
619 1320 771 1408 xxxnn

66 1486 133 1545 ltcm
152 1488 186 1547 de
205 1487 349 1565 Episcopo
370 1487 593 1564 Sctzcdurpcnsi
616 1491 668 1564 qni
688 1487 836 1563 leprosum
857 1489 1085 1556 communicans
1165 1551 1171 1569 ι

142 1579 281 1636 connitum
304 1579 365 1638 cius
386 1578 517 1651 sumpsit,
538 1593 606 1634 cnm
627 1579 848 1634 sacromentum
869 1577 999 1633 eiecisset.

123 1711 155 1770 ln
174 1711 389 1790 Sulcebnrgensi
408 1712 539 1772 Ecclesia
566 1713 624 1772 iam
652 1729 671 1772 e
697 1709 788 1770 multo
815 1717 943 1787 tempore
963 1709 1088 1786 religiosi

69 1801 221 1859 emiorum
240 1799 390 1876 Episcopi,
413 1816 449 1860 ex
470 1799 574 1876 quibus
594 1815 677 1874 unus,
698 1800 794 1858 nescio
816 1805 912 1857 utrum
932 1797 1017 1856 huius
1039 1799 1087 1872 qui

70 1901 137 1946 nuuc
163 1894 219 1962 cst,
247 1889 309 1948 sive
337 1889 398 1946 cius
427 1889 562 1962 quiante
591 1903 657 1946 eum
678 1885 744 1960 fluit,
771 1884 974 1960 praedecessor
997 1889 1087 1958 asset,

69 1971 228 2034 infirmorum
259 1990 312 2033 seu
337 1973 515 2049 leprosorum
543 1973 616 2032 lates
645 1971 770 2031 studiose
800 1973 886 2030 ctiam
914 1969 1089 2047 quaudoque
1190 1988 1193 1997 ’

70 2063 317 2138 persemetipsum
344 2061 478 2120 cutavit
518 2060 576 2120 Die
602 2058 727 2134 quadam
748 2058 920 2134 tuguriolum
942 2057 1087 2133 quoddam

71 2145 179 2223 nuans,
200 2156 235 2208 et
259 2147 403 2224 leprosum
425 2153 458 2206 ut
479 2148 505 2206 ei
525 2148 620 2208 visum
642 2152 699 2206 est
705 2145 877 2206 hominem
870 2165 900 2203 ιιι
922 2163 957 2206 eo
969 2142 990 2225 ³)
1011 2144 1101 2240 lecto

73 2227 244 2296 decubantem
265 2251 301 2294 sc
322 2239 484 2311 gementem
504 2235 661 2310 reperiens,
686 2232 711 2292 si
732 2231 838 2309 aliquid
859 2231 945 2292 vellet
965 2209 1101 2306 requisi-

72 2315 141 2399 vit).
187 2319 239 2382 Oui
266 2338 332 2381 cum
361 2321 409 2380 ille
437 2319 643 2396 responderetr·
670 2319 780 2395 Corpus
810 2318 913 2380 Christi
941 2317 1087 2392 desider03

72 2399 213 2484 Episcopus
239 2407 358 2468 festinus
386 2408 457 2468 obiit
486 2412 515 2467 et
542 2405 649 2483 attulit,
683 2407 781 2482 orique
809 2406 913 2481 leprosi
933 2407 983 2481 qui
1003 2403 1088 2464 valde

72 2487 186 2554 horridus
217 2494 383 2569 videbatur,
415 2511 481 2554 cum
513 2494 627 2554 cautela
657 2511 715 2569 qna
742 2496 835 2568 potuit
862 2495 985 2552 immisit.
1035 2491 1088 2552 Ille

72 2581 175 2640 scroad
196 2580 438 2658 comprobandam
459 2579 607 2640 Antisfifis
620 2579 717 2660 ¹tidem,
734 2587 888 2656 antequam
909 2581 1090 2650 masticasset

73 2665 269 2744 mcharistiaru,
297 2683 435 2728 nauseam
456 2667 615 2743 simulavit,
637 2673 666 2727 et
687 2683 752 2726 cum
771 2667 956 2728 foetidissimo
978 2667 1088 2724 vomitu

72 2753 138 2824 quod
169 2761 328 2832 sumpserat
358 2750 474 2835 citius⁵)
506 2757 611 2820 reiecit.
663 2753 823 2830 Episcopus
855 2771 924 2813 vero
955 2753 1086 2828 tenitus,

71 2841 187 2904 manibus
214 2849 311 2902 mento
337 2844 401 2902 eius
430 2843 597 2918 suppositis,
629 2843 734 2906 destas
755 2842 863 2916 recapit
882 2838 1088 2915 immunditias,

72 2939 133 2998 quas
158 2931 252 2988 statim
279 2931 309 2988 in
340 2943 372 2990 os
400 2931 515 2988 mittem
544 2929 665 3004 sumpsit
692 2928 729 2988 ob
751 2927 889 2987 honorem
910 2929 1110 2986 sacramenti.-

71 3007 162 3076 Postea
182 3031 247 3076 cum
262 3014 385 3078 cundem
398 3014 542 3090 leprosum
563 3017 678 3076 visitare
698 3013 793 3088 vellet,
815 3019 844 3073 ct
864 3030 921 3073 non
941 3013 1089 3089 inveniret,

72 3093 165 3161 dictum
191 3107 236 3164 est
263 3104 289 3164 ei
317 3117 336 3162 a
365 3103 650 3162 cuonmmanentibns
679 3099 757 3177 quod
785 3099 874 3159 multo
903 3106 1032 3175 tempora
1059 3101 1089 3158 in

73 3185 158 3250 mem
188 3188 362 3250 domuncula
391 3187 487 3248 nullus
517 3188 676 3248 liabitasset
701 3186 840 3263 leprosus.
889 3187 927 3246 Et
955 3189 1090 3263 cognovit

72 3273 107 3330 m
124 3273 184 3338 Deo
205 3275 315 3353 plenus,
335 3281 398 3336 tum
419 3276 632 3336 err-testimonio
650 3274 837 3348 referentium,
858 3281 920 3334 tum
942 3291 977 3333 ex
997 3275 1091 3350 grstia

74 3372 103 3416 εὶ
124 3363 265 3437 praedicta
292 3364 457 3438 sumptione
483 3367 634 3439 percepta,
664 3363 731 3436 quia
760 3359 888 3420 Christus
918 3368 1007 3434 esset,
1041 3361 1089 3435 qui

73 3444 154 3510 mults
165 3449 256 3511 modis
273 3450 429 3510 electorum
441 3466 558 3508 suorum
580 3451 768 3508 constantiam
789 3447 911 3524 probare
933 3449 1090 3506 consuevit.

75 3525 237 3599 Benedicta
258 3533 341 3619 siut⁶)
365 3531 819 3616 cechnscpersonnvl.1’ono
842 3534 878 3594 de
897 3533 972 3592 illins
993 3549 1090 3590 resur

91 3715 213 3784 ¹]Genea
230 3724 279 3788 32,
301 3723 393 3780 30.-
414 3723 445 3790 2)
463 3722 549 3776 llattls
570 3723 617 3784 18,
642 3721 732 3774 tc.-
752 3721 784 3788 3)
801 3719 865 3772 ADP
889 3733 938 3776 ca,
965 3715 1087 3766 Ceius.

136 3793 210 3858 “4)
226 3792 246 3846 0
263 3793 501 3862 inquisivit-
471 3793 553 3860 ..5)
571 3792 670 3844 citius
689 3788 828 3842 addid.-
848 3788 879 3853 6)
897 3754 938 3838 CP'
954 3791 1086 3832 sunt.-

135 3859 198 3925 ilo
214 3862 262 3914 ssld
281 3861 333 3916 uel
359 3864 521 3929 passione
