2524 4252
390 265 446 328 DE
466 263 745 330 dommus
974 261 976 269 ⁸
1019 267 1106 326 aas

70 390 134 450 drea
152 393 252 464 pectus
268 389 329 449 eins
342 391 474 466 apparuit
487 389 612 467 capsella
625 405 690 449 cnm
710 387 844 464 reliquiis,
864 393 993 448 ventrem
1013 404 1082 447 vero

68 473 131 535 uin
144 475 265 536 cathena
284 475 375 537 ferrea
395 476 560 553 stringebat
592 475 703 553 Quibus
724 477 793 536 visis
805 474 873 534 Dux
895 481 1081 550 compunctus

68 560 182 624 dicebare
202 561 307 622 Videte
327 563 405 639 quod
425 569 524 624 sancto
544 565 593 624 isti
612 565 673 624 viro
691 564 923 622 vestimentorum
944 564 1082 637 asperitas

66 647 183 708 sufficere
216 665 273 708 uon
301 646 458 730 poteras),
494 652 550 709 uisi
577 652 663 710 ctiam
693 649 843 709 cathenam
871 647 1082 723 superadderet.

66 732 246 812 sepultusque
260 741 304 794 est
314 735 489 796 Ratisbonae
502 739 532 794 in
546 735 666 796 ecclesia
680 737 788 796 maiori.
815 735 887 794 Post
900 734 961 794 dies
972 750 1081 810 pancos

67 835 122 880 cum
143 819 199 880 duo
221 821 323 882 milites
351 825 380 882 iu
402 821 503 882 eodem
533 822 597 883 loco
620 825 737 883 musam
758 817 902 895 audirent,
930 837 1005 880 unus
1033 838 1081 882 ss·

66 905 204 984 pulchrum
233 909 294 970 eius
321 909 457 970 ascendit.
505 907 545 970 Ut
572 915 669 970 autem
696 907 778 968 Deus
804 907 965 968 ostenderet
991 907 1082 983 qualis

67 999 132 1054 esset
150 995 242 1054 meriti
261 995 319 1056 sslic
339 995 506 1070 tumulatus,
523 995 605 1055 miles
626 1001 685 1055 tam
706 995 890 1056 vehementer
909 997 939 1054 iu
952 993 1081 1070 pedibus

65 1077 153 1140 udere
174 1083 275 1157 coepit,
295 1086 328 1141 ut
349 1081 480 1142 desiliens
502 1082 647 1142 clamaret
689 1081 753 1158 Quo
776 1087 920 1159 comperto
942 1081 1014 1141 altor
1034 1097 1081 1140 rc·

65 1165 180 1242 spondit:
201 1165 391 1244 Sepulchrum
412 1174 455 1229 est
475 1168 550 1229 illius
571 1169 713 1229 combusti
725 1167 858 1229 Abbatis.
900 1167 945 1226 Ex
965 1167 1014 1228 illa
1036 1167 1080 1226 die

65 1252 168 1314 babitus
189 1255 282 1314 estin
304 1255 404 1315 eadem
426 1256 547 1317 ecclesia
567 1257 597 1315 in
618 1273 725 1333 magna
744 1257 935 1317 veneratione.

375 1443 607 1508 CAPITULUM
632 1443 765 1507 XXVII.

134 1566 181 1626 De
200 1572 295 1627 morte
314 1568 420 1628 Masi
440 1568 477 1628 de
496 1575 599 1628 scruto
620 1568 787 1629 Maximino
808 1571 840 1627 en
862 1566 995 1628 coboea

117 1683 151 1745 Iu
177 1685 298 1748 ecclesia
326 1691 417 1749 sancti
436 1687 585 1748 Maximini
611 1691 641 1748 in
663 1687 783 1750 Colonia
813 1688 989 1764 temporibus
1009 1689 1080 1748 meis

63 1771 167 1846 qnidam
187 1774 280 1834 lucrat
299 1775 439 1851 inclusus,
461 1778 589 1837 coenobii
610 1775 737 1836 eiusdem
757 1777 889 1836 initiator.
930 1773 984 1834 Est
1005 1774 1079 1834 cuim
1179 1821 1187 1835 ,

62 1855 111 1917 illic
146 1863 326 1938 congregatio
364 1863 627 1923 sanctimonialium.
680 1861 737 1922 ffic
769 1868 836 1924 ante
865 1862 1079 1922 couversionem

62 1947 238 2006 concubinam
265 1947 413 2009 habuerat.
462 1949 502 2009 Et
521 1953 589 2026 quia
616 1949 700 2010 sunul
725 1946 1079 2033 peccaverant,sim1lem

61 2040 236 2108 nsroperont
254 2037 466 2112 poenitentiam,
487 2035 560 2098 adeo
579 2035 688 2112 duram,
708 2043 741 2096 ut
761 2043 881 2113 uterque
895 2034 999 2096 circulo
1021 2035 1078 2095 fer·

60 2133 103 2176 reo
122 2126 248 2180 ventrem
269 2139 353 2181 suum
379 2121 487 2200 ligaret
535 2123 602 2200 Ipse
631 2141 699 2184 vero
727 2126 756 2182 in
783 2122 929 2202 praedicto
961 2121 1025 2182 loco
1047 2138 1078 2180 se

59 2203 210 2284 includens,
242 2203 343 2269 missas
369 2227 437 2271 suas
459 2207 630 2271 celebrando
651 2209 776 2270 Domino
797 2211 935 2287 vacabat3
965 2211 1010 2268 cui
1029 2207 1079 2268 illa

58 2287 117 2351 loris
136 2295 165 2352 in
192 2291 449 2372 habitureligioso
476 2299 637 2358 necessaria
664 2298 850 2358 ministrabat
897 2295 1078 2356 Advenientc

59 2381 174 2454 tempore
188 2383 346 2441 vocationis
360 2384 429 2458 eius,
452 2381 597 2443 dominum
609 2383 772 2444 Ensdidum
778 2382 799 2465 ²)
813 2385 964 2444 Decanum
987 2385 1078 2443 sancti

58 2461 196 2544 Andreae,
226 2469 306 2528 cuins
333 2470 423 2528 vitam
449 2471 479 2528 in
508 2469 687 2531 distinctione
715 2477 797 2530 sexta
825 2469 949 2546 capitulo
979 2472 1077 2546 quinto

58 2547 189 2630 dsscnpsi,
210 2557 334 2631 vocavit,
356 2553 561 2616 contessionem
581 2557 656 2635 fecit,
677 2560 768 2618 vitam
781 2557 927 2626 revelavit.
964 2557 1017 2616 Oui
1029 2555 1077 2616 ille

57 2635 200 2700 uvirtuu
221 2647 339 2703 eurotas
360 2642 539 2703 obedientiae
567 2647 727 2720 praecepit,
755 2650 789 2704 ut
817 2644 952 2704 circulum
973 2646 1077 2704 sineret

57 2719 166 2804 deponi;
188 2727 267 2804 quod
288 2727 412 2790 etfacit
456 2729 561 2806 sicque
583 2748 618 2790 eo
637 2730 779 2807 defuncto,
800 2731 901 2791 mulier
917 2735 984 2806 post
1001 2747 1076 2806 pan-

57 2823 101 2868 cos
120 2811 177 2873 dies
200 2815 294 2892 coepit
314 2813 463 2891 infirmari3
487 2823 515 2876 et
536 2818 604 2893 quia
624 2820 718 2877 timuit
738 2817 816 2893 quod
837 2816 977 2877 sacerdoti
998 2817 1076 2876 acci-

56 2891 139 2974 derat,
169 2907 313 2961 secretum
333 2919 417 2961 suum
438 2902 558 2980 prodere
579 2903 677 2964 uoluit.
732 2904 819 2964 Cuius
840 2906 975 2963 virtutem
994 2902 1076 2963 Deus

55 2997 105 3044 uon
125 2987 234 3047 sinebat
256 3004 318 3048 case
332 2987 481 3050 occultam.
513 2989 548 3048 In
568 2989 640 3050 hora
660 3008 728 3050 vero
752 3007 809 3067 qua
830 2991 991 3066 exspiravit,
1010 2991 1075 3049 vin-

55 3067 140 3130 culum
166 3075 227 3132 eius
255 3072 396 3156 dimpit⁸).
446 3074 575 3152 Cumque
604 3077 675 3137 fines
702 3069 839 3155 ligaturae
866 3075 941 3136 illius
968 3075 1075 3138 leucae

54 3157 168 3218 tunicam
194 3161 225 3218 in
253 3177 312 3238 qua
338 3163 512 3223 moriebatur
533 3179 568 3223 ex
599 3171 719 3240 utroque
740 3164 829 3224 latere
856 3162 1075 3243 suspenderent,

54 3243 149 3306 multae
170 3252 327 3323 matronae,
347 3247 467 3309 feminae
490 3256 605 3310 emotae
628 3252 734 3310 exitum
755 3250 973 3327 praestolantes,
993 3258 1075 3329 post-

54 3343 131 3402 quam
150 3349 211 3392 rem
232 3341 435 3411 cognoverunt,
458 3334 493 3396 de
514 3342 594 3396 teuto
615 3336 751 3397 miraculo
773 3335 869 3399 Deum
894 3337 1075 3414 glorificave-

54 3424 117 3476 runt.
151 3417 234 3480 Haec
256 3419 325 3479 mulii
345 3421 436 3481 relata
457 3417 524 3482 suut
545 3440 563 3483 a
583 3419 670 3504 filia⁴)
693 3417 797 3484 sororis
818 3425 956 3502 praedicti
977 3443 1073 3486 sacer·

54 3498 126 3564 dotis
166 3505 290 3567 Vmcula
311 3509 366 3567 ista
385 3515 523 3569 revocant
541 3509 611 3570 mihi
632 3511 856 3572 admemoriam
878 3519 1000 3574 mortem
1021 3528 1073 3571 ou-

53 3587 154 3652 iusdam
175 3593 399 3655 sanctimonialis
419 3597 582 3674 pretiosam.

68 3755 95 3825 ¹)
110 3757 150 3812 ut
160 3762 284 3882 gerare
303 3789 336 3806 -
353 3763 388 3834 a)
402 3762 468 3819 nau
490 3764 666 3820 nortorum.
684 3793 714 3808 -·
734 3767 767 3836 a]
784 3765 845 3822 cur
868 3767 1020 3834 oriruprr.
1039 3793 1069 3808 .-

112 3828 143 3898 o)
181 3827 303 3884 surio.
