2524 4252
291 301 378 396 ns
399 303 580 369 ennsmo
601 299 867 366 nonnuonuu.
1046 301 1108 362 ess

409 477 641 540 CAPITULUM
666 476 781 537 XLIX.

225 599 273 659 De
291 599 499 676 praedicatore
520 600 632 659 ordinat
653 599 965 692 Praemonstrateoare.

141 718 291 782 Sacerdoti
311 719 424 780 cuidam
448 719 553 779 ordinis
574 719 866 780 Praemonstratensis
893 718 924 776 in
950 716 1007 778 bae
1036 732 1123 792 quae

82 805 165 866 modo
192 807 246 866 tuit
272 807 468 884 expeditione,
502 813 688 884 praeceptum
717 812 782 866 erat
811 811 910 864 eontra
938 803 1112 864 Sarracenos

83 909 193 954 crucem
214 891 387 970 praedicare.
431 893 562 975 Cumque
584 896 613 952 in
641 896 705 970 ipsa
731 891 942 969 praedieatione
971 888 1111 966 corporali

82 980 212 1040 molestia
232 986 341 1055 tactus,
368 981 513 1040 hominem
535 979 705 1056 deponeret,
734 979 848 1038 cuidam
869 980 947 1038 socio
968 994 1022 1037 suo
1046 983 1113 1051 post

82 1073 201 1127 mortem
214 1069 355 1144 apparuit
391 1065 484 1143 Quem
507 1084 572 1126 cum
593 1066 640 1126 ille
660 1070 871 1145 interrogasset,
892 1064 1035 1143 quomodo
1056 1061 1113 1124 ba·

81 1155 170 1228 beret,
191 1154 238 1214 vel
258 1155 283 1214 si
296 1152 411 1230 aliquid
422 1151 440 1235 ¹)
461 1154 608 1214 molestiae
618 1154 743 1214 moriens
764 1153 934 1229 pertulisset,
953 1149 1112 1228 respondit:

81 1239 241 1301 Videbatur
262 1239 332 1300 mibi
358 1258 452 1317 poena
480 1257 547 1300 mea
573 1242 642 1300 setis
671 1239 766 1316 longa.
816 1239 947 1315 Cumque
973 1253 1113 1312 morerer,

82 1324 170 1408 non¹)
191 1329 246 1387 nisi
267 1326 420 1387 daemones
442 1329 518 1387 eirca
538 1345 585 1387 me
605 1327 677 1401 vidi,
703 1329 752 1402 qui
773 1329 898 1386 animam
921 1325 1113 1403 egredientem

83 1420 237 1490 coeperunt
257 1413 409 1474 abducere.
451 1413 496 1472 Ex
518 1415 622 1489 quibus
642 1431 717 1473 unus
743 1413 827 1472 dixit:
855 1413 1011 1488 Nunquam
1039 1411 1114 1471 bens

82 1502 204 1561 semusti
227 1501 432 1577 proieaslonem
459 1508 555 1575 tuam,
580 1517 676 1576 neque
706 1499 897 1560 obedientiam
925 1499 1035 1559 Abbati
1061 1503 1113 1558 tuo

82 1589 261 1665 promissam.
302 1587 341 1646 Et
361 1589 507 1648 subiunxit
527 1590 623 1646 statim
644 1587 730 1647 alter:
758 1586 914 1662 Nunquam
942 1585 1114 1662 praedicasti

82 1677 193 1734 sincere
220 1673 377 1734 Dominum
406 1681 501 1749 tuum,
527 1673 559 1732 id
588 1680 631 1734 est
657 1675 756 1751 gratia.
797 1673 836 1732 Et
862 1671 989 1733 intellexi
1017 1673 1114 1732 statim

82 1766 236 1822 accusante
259 1763 446 1836 conscientia,
467 1763 534 1837 quia
554 1767 674 1836 uterque
695 1776 796 1821 verum
817 1760 942 1819 dimanet.
984 1757 1115 1834 Cumque

82 1849 112 1908 in
132 1847 210 1908 hunc
231 1847 348 1907 mtdum
364 1847 481 1907 diversi
509 1846 629 1907 diversa·
650 1853 749 1907 contra
777 1864 823 1908 me
850 1850 1057 1923 proponerent,
1085 1850 1115 1904 et

84 1951 138 2012 ego
159 1937 218 1995 iam
237 1937 348 2012 positus
368 1935 483 1994 inissem
495 1936 524 1992 in
546 1934 743 2010 desperatione
752 1930 782 2013 ³),
804 1950 838 1994 eo
861 1932 939 2010 quod
959 1949 1018 1992 non
1039 1937 1115 1992 essct

84 2023 134 2098 qui
153 2038 206 2098 pro
228 2039 275 2082 me
295 2021 493 2096 responderet,
514 2024 637 2080 maxime
660 2039 725 2081 eum
748 2020 992 2097 cucumspiciens,
1019 2033 1114 2094 neque

83 2109 199 2170 beatam
219 2107 277 2168 Dei
298 2106 478 2184 Genitrieem,
499 2123 593 2184 neque
614 2107 738 2184 aliquem
759 2107 935 2185 angelorum,
958 2109 1019 2167 sive
1040 2105 1115 2166 alio·

82 2213 147 2256 rum
169 2201 334 2255 sanctorum
355 2195 505 2270 vidissem,
528 2213 595 2255 eece
617 2193 746 2254 Christus
768 2193 939 2270 adveniens,
959 2211 1046 2253 manu
1068 2198 1114 2252 ta-

82 2285 146 2342 nult
165 2299 213 2341 me
234 2281 345 2342 decus:
367 2281 493 2358 Sequere
514 2298 575 2357 me,
602 2284 670 2357 quia
695 2288 727 2341 tu
748 2281 918 2357 praedicasti
939 2297 994 2346 me.
1043 2277 1114 2338 Mox

82 2369 169 2430 turba
190 2370 283 2429 omnis
304 2369 452 2444 spirituum
472 2367 584 2428 illorum
605 2368 815 2440 immundorum
837 2367 975 2445 disparuit
1001 2365 1040 2428 ad
1067 2368 1115 2426 in·

81 2463 142 2516 star
162 2455 241 2530 fumi,
262 2461 292 2516 et
312 2472 366 2532 ego
385 2455 528 2515 Christum
548 2462 664 2515 secutus
685 2472 749 2514 sum
770 2454 808 2526 ad
829 2454 957 2532 gloriam.
997 2452 1115 2514 Nullam
1160 2501 1161 2508 ,

81 2545 158 2604 anim
186 2541 272 2602 eliam
300 2558 422 2620 poenam
453 2549 572 2619 excepto
600 2541 648 2601 illo
676 2548 781 2602 terrore
807 2559 912 2617 passus
938 2558 1011 2601 sum.
1059 2539 1115 2599 His

82 2633 171 2692 etiam
193 2631 243 2705 qni
263 2628 384 2690 libenter
404 2636 495 2705 orant,
516 2630 636 2689 reseram
657 2628 820 2705 exemplum
841 2631 911 2689 setis
931 2629 1114 2689 incentivum.

455 2819 686 2880 CAPITULUM
706 2819 741 2879 L.

129 2945 179 3006 De
198 2946 260 3004 cive
280 2946 312 3002 io
332 2945 416 3003 cuiue
437 2942 736 3018 acaemetarum
758 2948 845 3002 erat.-
866 2943 930 3001 Aoe
950 2939 1062 3001 Maria.

125 3063 204 3125 Civis
226 3063 342 3141 qnidam
364 3064 540 3125 Coloniensis
561 3064 689 3124 babebat
708 3063 787 3122 illam
809 3062 1060 3139 consuetudinem,
1083 3069 1115 3122 ut

79 3153 214 3230 quotiens
234 3151 312 3214 solus
334 3158 410 3212 esset
430 3168 542 3228 semper
560 3158 662 3212 oraret.
697 3149 800 3211 Eundo
821 3150 860 3211 ad
881 3149 1033 3211 ecclesiam
1053 3150 1116 3210 sive

78 3238 256 3315 redeundo,
271 3239 319 3300 vel
339 3241 370 3298 in
391 3241 470 3299 curie
490 3256 544 3299 sua
565 3237 792 3312 deambulando,
811 3236 970 3314 angelicam
991 3240 1115 3296 maxima

79 3325 245 3387 ruminabat
270 3326 479 3387 salutationem.
530 3324 586 3403 Qui
618 3342 683 3384 curu
716 3330 844 3384 mortuus
880 3329 969 3399 esset,
1001 3323 1115 3384 cuidam

79 3413 160 3489 nepti
180 3429 251 3473 suae
270 3414 301 3474 in
322 3411 423 3474 habitu
447 3410 596 3488 splendido
625 3410 792 3488 apparebat.
840 3409 875 3470 In
897 3428 964 3487 quo,
991 3412 1115 3470 maxime

79 3500 230 3560 tamenin
252 3499 351 3577 caligis
372 3507 402 3560 st
422 3495 480 3579 in⁸)
510 3499 622 3574 calciis,
649 3493 818 3580 scriptum⁵)
848 3504 908 3560 erat
929 3515 981 3574 per
1008 3502 1115 3571 totum,

79 3585 238 3646 versiculus
259 3587 323 3647 Aoe
343 3586 446 3646 Morio
467 3589 568 3662 qratia
584 3587 686 3662 pleno,
710 3591 738 3646 et
760 3592 863 3647 cetera.
906 3582 982 3660 Quia
1003 3588 1036 3642 ut
1057 3581 1115 3642 diri

81 3672 204 3734 eundem
225 3672 397 3734 versiculum
412 3672 624 3750 deambulando
645 3673 884 3750 frequentaverat,
905 3669 1033 3730 cruribus
1053 3671 1115 3730 eius

101 3806 132 3877 1)
150 3791 195 3860 aa
208 3806 297 3931 guid.
317 3835 346 3848 -
367 3806 509 3931 ianil.
527 3804 688 3876 -³)Bt)1‹'
706 3803 1114 3874 desperationem—ssiu

149 3893 191 3932 om
231 3875 362 3947 c.-5)
401 3875 591 3943 decerptus.
