2512 4254
324 226 380 286 nn
401 225 584 288 nummu
605 224 840 306 ursroumus.
1055 225 1095 285 so
1201 201 1217 306 j

83 347 136 406 nce
163 347 287 423 proxima
315 353 360 408 est
387 346 561 408 sollemnitas
588 352 656 422 post
675 345 915 406 Purificatiouem.
955 343 1025 420 Ipsa
1054 350 1110 428 est
1193 375 1198 391 =

81 433 169 493 testum
187 434 400 510 propitiationis.
434 433 491 494 Per
510 434 603 510 ipsam
617 439 741 492 tartarus
763 438 807 492 est
820 432 989 506 destructus,
1009 447 1097 506 para·

82 519 147 579 disus
171 526 299 596 apertus,
328 522 479 596 eaptivitas
507 523 667 596 captivata,
699 536 775 579 mors
804 523 953 578 evacuata.
994 517 1096 578 Passio

81 605 180 666 Domini
216 609 343 666 omnium
377 607 590 688 tribulationum
625 607 815 666 humanarum
850 610 896 664 est
929 603 1097 664 arrddotum.

81 691 267 754 dentitionem
289 695 403 770 excitat,
422 691 555 754 lacrimas
575 693 722 770 producit.
742 693 913 752 tentationes
934 693 1098 767 compescit

421 953 654 1014 CAPITULUM
685 953 741 1012 IX.

116 1094 159 1154 Dc
176 1093 510 1171 praedictalticbmude
532 1111 609 1169 quac
633 1094 799 1152 Docuiuum
820 1092 894 1152 uidit
913 1095 946 1152 in
967 1092 1055 1152 mmo

343 1180 491 1258 pontificis
511 1183 589 1240 inter
605 1187 815 1256 persecutores.

135 1334 280 1396 Praedicta
295 1335 464 1396 Riohmudis
482 1343 613 1412 'tempore
636 1334 770 1412 quodam,
790 1341 824 1394 ut
843 1341 913 1411 puto
928 1334 1099 1396 Dominieae

81 1417 225 1506 Pasieria,
252 1441 320 1484 eum
342 1422 378 1482 de
399 1425 462 1500 ipsa
482 1422 647 1482 meditando
669 1422 754 1482 valde
776 1427 982 1498 contereretur,
1003 1430 1100 1484 mente

83 1506 222 1585 excedens,
248 1527 318 1570 mox
338 1526 389 1587 per
417 1512 546 1587 spiritum
566 1511 596 1567 in
619 1510 734 1569 domum
757 1508 901 1586 quandam
922 1508 1049 1585 amplam
1071 1515 1100 1570 et

83 1591 227 1670 hyemalem
247 1603 330 1672 rapta
352 1603 409 1670 est,
441 1598 470 1655 in
497 1613 555 1673 qua
576 1595 756 1657 Salvatorem
778 1601 901 1655 stantem
922 1595 994 1655 vidit
1013 1595 1100 1656 nudi-

84 1680 172 1755 pedem
189 1689 219 1743 et
240 1686 322 1761 quasi
335 1685 489 1760 captivum,
511 1691 540 1743 et
562 1685 637 1742 circa
649 1681 730 1742 illum
743 1682 953 1742 multitudinem
965 1681 1100 1743 >Judaeoss

85 1782 144 1826 nun.
182 1769 284 1831 Stabat
305 1772 380 1830 enim
402 1769 524 1830 demisso
546 1769 641 1845 vultu,
663 1769 726 1829 sola
746 1771 842 1828 tunica
862 1768 992 1845 indutus,
1013 1776 1101 1846 atque

85 1851 228 1932 dsciucbu,
247 1856 380 1916 manibus
402 1859 488 1917 etiam
502 1856 638 1917 demissis.
682 1857 792 1916 Tunica
814 1858 874 1916 eius
892 1856 1000 1916 flavum
1017 1857 1100 1917 vide-

84 1939 156 2000 betnr
173 1943 278 2004 babere
300 1943 432 2006 colorem.
474 1943 513 2002 Et
533 1947 606 2004 sicut
626 1945 690 2018 ipsa
711 1943 781 2002 mihi
801 1943 905 2019 retulit,
926 1945 956 2002 in
980 1943 1099 2004 diversis

85 2027 181 2104 ungulis
200 2030 301 2090 domus
323 2030 388 2090 deni
410 2048 445 2090 ac
466 2029 591 2090 duodeni
611 2030 649 2091 ad
670 2033 760 2090 instar
774 2033 956 2107 cyconiarum
979 2047 1101 2108 congre·

86 2117 134 2189 goti
159 2119 355 2193 susurrabant,
388 2117 423 2177 de
444 2125 535 2177 morte
555 2117 631 2178 illius
652 2123 816 2178 tractantes.
858 2117 929 2176 Erat
950 2120 1025 2176 enim
1046 2117 1102 2177 do·

87 2217 139 2261 nus
156 2207 253 2264 summi
281 2203 439 2281 pontilicis,
460 2207 489 2264 in
512 2222 569 2279 qua
591 2210 657 2264 acta
677 2209 744 2264 sunt
764 2203 922 2264 secundum
946 2204 1102 2278 instoriam,

87 2302 148 2361 quac
171 2289 235 2352 huic
263 2291 383 2352 ancillae
404 2292 462 2351 Dei
490 2299 607 2352 ostensa
635 2297 701 2351 sunt
722 2291 912 2367 spiritualiter.
956 2291 1102 2368 Quantum

87 2371 228 2438 dummodi
248 2381 373 2439 visiones
389 2384 504 2466 mentes
526 2379 673 2455 religiosas
695 2385 904 2456 compungant,
935 2380 1007 2438 visio
1029 2379 1101 2438 sub·

87 2475 191 2538 aequem
210 2465 341 2542 ostendit,
364 2483 438 2543 quac
460 2465 614 2542 corporalis
637 2472 689 2526 est

439 2709 672 2770 CAPITULUM
692 2709 734 2769 X.

87 2841 239 2924 usurpem
260 2852 309 2909 cui
324 2846 455 2908 Christus
474 2849 646 2926 frequenter
663 2849 798 2925 mpilante'
812 2853 937 2923 oppam
955 2850 988 2906 in
1008 2863 1101 2907 cruca

136 2999 228 3082 Nuper
259 3007 340 3084 virgo
375 3003 516 3082 quaedam
544 3005 692 3082 religiose,
723 3005 789 3064 licet
817 3003 912 3063 adhue
943 3005 973 3062 in
1000 3003 1102 3067 habitu

86 3090 205 3152 meolati
224 3094 328 3169 posita,
349 3089 497 3169 Subpriori
517 3100 614 3152 nostro
630 3090 753 3157 Gerlaoo
775 3109 841 3150 eum
863 3091 959 3150 multis
978 3091 1102 3151 lacrimis

85 3175 171 3252 ntulit
191 3180 267 3255 qnod
282 3179 462 3240 salvatorem
482 3181 512 3238 in
534 3195 619 3238 eruce
636 3178 808 3254 pendentem
830 3181 953 3240 eruentis
975 3178 1102 3238 vulneri-

87 3257 130 3321 bus
145 3264 234 3327 ridcre
248 3266 349 3326 soleat.
379 3265 440 3326 Nee
462 3268 565 3340 uinus,
586 3267 634 3340 ait,
655 3265 735 3324 illum
750 3265 843 3340 video,
864 3268 888 3325 si
903 3269 1102 3342 compassione

88 3352 111 3404 tt
134 3349 224 3413 dolore
244 3360 365 3431 urgente
387 3348 485 3412 oeulos
507 3353 644 3412 clausero.
687 3351 764 3412 Ecce
791 3351 839 3412 hic
866 3351 958 3412 habes
986 3352 1103 3412 cudens

85 3447 274 3517 ammentum,
296 3438 375 3516 quod
395 3441 467 3500 visio
489 3439 546 3515 illa,
569 3439 605 3498 de
626 3457 684 3515 qua
706 3439 813 3500 dietum
835 3446 879 3498 est
900 3441 1029 3515 superius
1051 3455 1103 3498 ca·

85 3521 159 3594 obde
185 3530 296 3603 quinto,
328 3527 412 3586 fuerit
440 3527 603 3603 corporalis.
645 3525 765 3587 Fumida
793 3542 862 3585 vero
889 3528 947 3585 iam
969 3524 1045 3584 dicta
1067 3542 1102 3585 ex

85 3609 174 3672 ebdom
203 3614 361 3674 visionibus
393 3620 505 3674 tantum
531 3611 667 3696 proiecit,
697 3620 730 3672 ut
758 3612 794 3671 de
823 3611 941 3671 Domini
968 3611 1102 3686 passione

84 3710 161 3772 neque
181 3703 304 3778 cogitare
326 3717 420 3776 neque
438 3700 518 3776 loqui
537 3701 630 3776 possit
650 3702 710 3758 sine
731 3697 855 3758 lacrimis
876 3704 905 3756 et
927 3696 1102 3755 contritione.

86 3777 156 3856 Quod
180 3794 275 3848 uuum
302 3787 339 3847 de
367 3786 469 3849 cadem
497 3787 663 3847 beatissima
688 3786 821 3862 passione
849 3782 931 3856 quasi
961 3779 996 3839 dc
1022 3779 1101 3838 tonte
