2512 4254
182 261 222 321 te
485 258 715 321 nlsulrtc'no
735 259 913 321 Sffl’rma
1203 329 1207 334 ᾖ

179 381 349 458 immi
369 380 422 442 Μ
442 383 467 441 ti
487 385 572 458 nesti,
593 381 640 444 die
660 382 738 442 unde
757 375 867 442 mira
892 378 1199 443 nonsummum
1253 399 1254 434 1

179 467 1113 546 uiridicamexernpladivinaepictatis,quue(lmitrieis,
1138 484 1201 544 quae
1253 487 1254 500 ¹

178 555 1254 704 igffiglgmissfflffifflfflsmfflinfflfflmmfflm]

503 833 736 895 CAPITULUM
755 831 892 914 LVIIJ)
1253 925 1254 944 Χ

259 957 308 1016 De
327 956 418 1014 mitte
438 956 591 1028 decollato,
613 959 666 1032 qni
680 975 739 1032 per
759 975 826 1015 earn
847 960 940 1018 ωαιίι
960 958 1131 1034 ythmum

1248 1002 1254 1091 l

242 1077 327 1138 llsscs
355 1077 472 1154 quidam
499 1078 618 1152 nobilis,
646 1076 699 1138 sed
726 1079 908 1153 criminosus,
939 1085 1070 1156 tempore
1092 1076 1252 1156 quodam
1248 1093 1254 1135 ι

178 1166 254 1225 ab'
245 1167 366 1224 mimicis
394 1167 453 1224 suis
482 1172 583 1241 captus
612 1171 664 1224 est
705 1164 745 1222 Et
773 1167 841 1239 quin
872 1167 1008 1226 mortales
1036 1173 1117 1226 mant
1141 1166 1254 1224 interl
1248 1213 1254 1235 ,

179 1268 229 1312 eos
250 1254 421 1326 inimicitiae,
441 1255 536 1312 risum
558 1258 602 1311 est
623 1255 664 1310 eis
685 1251 835 1326 expedire,
858 1255 920 1311 ut'
912 1271 942 1311 m
961 1255 1079 1313 insmnti
1100 1251 1201 1314 occide·
1248 1242 1254 1307 i

177 1345 263 1398 retur.
306 1338 433 1398 Gemens
460 1343 505 1398 vir
524 1339 629 1398 nobilis
648 1339 703 1397 sibi
724 1342 876 1398 mortem
866 1343 1028 1416 rmminere,
1056 1346 1086 1399 et
1105 1339 1202 1399 nullan
1249 1359 1254 1398 ι

178 1425 281 1486 adesse
308 1426 465 1486 remedium
492 1429 587 1501 vitae,
614 1425 735 1501 supplici
761 1443 835 1485 voce
863 1426 934 1484 dixit
958 1426 998 1486 ad
1023 1426 1104 1486 illos:
1130 1427 1201 1502 Rogo

178 1531 231 1573 vos
248 1515 352 1572 intuitu
363 1513 429 1589 Dei,
449 1520 482 1573 ut
494 1513 533 1573 ad
553 1513 699 1572 modicum
719 1519 841 1572 mortem
861 1531 957 1572 meam
979 1513 1092 1574 differre
1113 1513 1202 1590 digne·

178 1603 256 1676 mini,
277 1609 418 1676 quatenus
431 1601 515 1661 alicui
527 1600 709 1660 sacerdotum
722 1607 842 1674 peccata
862 1619 928 1660 mea
948 1603 1058 1678 possim
1079 1599 1202 1662 confiteri

177 1687 399 1764 Responderunt
418 1689 473 1747 illi:
500 1689 567 1748 Non
595 1694 671 1747 esset
698 1687 781 1746 nobis
805 1687 879 1747 haec
900 1687 999 1748 dilatio
1020 1694 1092 1748 tuta.
1135 1687 1203 1747 Gon·

177 1777 286 1852 tingere
306 1783 413 1851 posset,
433 1782 467 1834 ut
488 1777 603 1852 cognati
623 1781 653 1834 et
673 1776 759 1833 amici
778 1777 820 1832 tui
840 1777 1003 1850 venientes,
1024 1777 1163 1851 eriperent
1180 1779 1203 1832 te

178 1861 215 1921 de
236 1864 368 1922 manibus
389 1866 508 1936 nostris,
537 1869 568 1921 et
594 1867 671 1921 esset
692 1878 769 1920 error
788 1863 961 1920 novissimus
975 1862 1063 1938 peior
1082 1865 1172 1938 priore
1183 1857 1204 1940 ¹).

179 1947 234 2008 Oui
260 1966 327 2008 cnm
353 1951 582 2024 praecepissent,
613 1955 648 2007 ut
674 1966 707 2008 se
734 1955 926 2023 prosterneret
946 1949 985 2008 ad
1005 1947 1206 2020 decollandtnn,

178 2034 249 2094 dixit
279 2034 336 2096 hoc
366 2037 501 2095 verbum:
532 2036 630 2110 Deus,
663 2042 695 2094 tu
727 2037 784 2094 scis
817 2035 995 2094 voluntatem
1025 2053 1130 2096 meam.
1173 2034 1205 2092 Et

177 2122 339 2182 subiunxit:
371 2121 507 2182 Animam
534 2139 629 2182 meam
658 2123 826 2182 commendo
846 2122 974 2199 Virginis
994 2121 1063 2184 filio.
1109 2122 1205 2197 Sisque

178 2208 337 2270 decollatis
372 2217 423 2269 est
483 2210 554 2269 Erat
588 2216 656 2268 tunc
692 2211 842 2286 temporis,
863 2211 1000 2270 obsessus
1036 2209 1153 2286 qnidam
1181 2209 1205 2265 in

177 2289 281 2356 vicino.
324 2296 377 2356 Oui
392 2315 457 2357 cum
472 2297 599 2356 dicerent
615 2297 740 2372 qnidam,
761 2297 861 2355 audita
878 2303 969 2356 morte
991 2300 1064 2356 tanti
1084 2296 1204 2374 tyranni:

177 2382 267 2443 Modo
290 2402 428 2460 magnum
448 2384 561 2444 habetis
581 2384 719 2460 gaudium
740 2389 856 2459 propter
876 2385 1002 2443 animam
1022 2383 1120 2446 militis
1139 2382 1205 2442 illius

149 2509 154 2526 .
176 2470 342 2547 facinorosi3
367 2471 483 2546 lugubri
502 2488 575 2530 voce
596 2470 757 2546 respondit:
777 2470 977 2545 Nequaquam.
1020 2469 1118 2530 Unum
1139 2471 1206 2530 enim

176 2557 299 2618 verbum
319 2555 471 2638 moriens²)
492 2557 623 2634 protulit,
643 2564 760 2634 propter
782 2557 860 2634 quod
881 2557 1009 2616 salvatis
1032 2565 1084 2617 est
1125 2552 1206 2618 Haud

177 2642 297 2704 dubium
326 2647 394 2721 quin
421 2649 477 2721 op'e
505 2645 608 2704 beatae
628 2646 770 2721 Virginis,
799 2647 881 2704 cuius
901 2643 959 2703 filio
988 2646 1114 2704 animam
1135 2642 1206 2704 occi-

177 2730 288 2792 dendus
309 2734 464 2807 commisit,
484 2734 585 2808 poenis
606 2731 754 2808 gehennae
776 2735 813 2790 sit
833 2732 1005 2804 subuectus,
1032 2737 1062 2791 et
1082 2748 1149 2791 cum
1167 2729 1207 2790 la·

177 2824 258 2880 trono
266 2816 287 2900 ³)
321 2820 473 2880 confitente
494 2817 619 2896 paradisi
631 2819 752 2896 'gaudiis
773 2819 913 2878 addictus.
955 2815 1045 2876 Aliud
1066 2819 1119 2878 tibi
1138 2815 1207 2876 rele-

176 2907 341 2982 ramundo
359 2901 645 2985 amplius‚mireris⁴),
667 2905 745 2982 quod
765 2905 835 2964 mihi
856 2905 972 2981 quidam
985 2904 1089 2966 Abbas
1110 2904 1208 2967 ordinis

176 2995 266 3052 nostri
286 2995 397 3069 retulit,
425 2997 501 3056 circa
521 2994 578 3055 hoc
600 2995 823 3070 quinquennium
844 2993 942 3054 dicens
961 2991 1032 3052 illud
1054 2993 1207 3070 contigisse

516 3185 749 3246 CAPITULUM
764 3171 879 3247 'Lvssn

176 3303 253 3362 Item
280 3304 317 3364 da
338 3306 455 3366 latrone
461 3351 471 3382 ,
504 3325 591 3384 quem
612 3309 789 3369 decollatum
810 3309 924 3385 sepeliri
942 3304 1014 3382 fecit
1034 3307 1068 3364 ia
1089 3303 1210 3363 areas

240 3423 276 3483 In
295 3426 391 3485 vicma
408 3430 531 3488 civitatis
541 3425 561 3509 ⁵)
583 3429 780 3504 Tridentinae,
797 3431 871 3489 sicut
891 3427 961 3486 mihi
981 3423 1078 3485 retulit
1097 3421 1210 3500 quidam

176 3511 294 3588 Abbes,
318 3511 390 3572 latro
412 3511 604 3595 nominatus⁵)
624 3516 810 3593 versabatur,
831 3535 851 3575 a
872 3531 929 3592 quo
950 3511 1032 3571 multi
1053 3509 1210 3588 depraeda-

193 3627 539 3702 *)Hom1111.p..-77
560 3632 591 3700 1)
610 3631 695 3684 llattlr.
713 3633 762 3697 27,
788 3633 882 3686 64.-
901 3631 933 3700 2)
955 3629 1099 3682 moriens
1121 3625 1210 3687 om03

245 3700 310 3753 conl.
329 3699 378 3764 xl,
401 3701 495 3753 20.-
464 3702 546 3769 -3)
569 3701 627 3754 Luc
652 3701 698 3766 23,
727 3671 770 3755 43'.
788 3703 808 3756 B
831 3681 1118 3753 Ιιιιιοιιιιιιιιομ-
1136 3693 1210 3764 no

245 3770 477 3824 miraberis.—
505 3771 639 3840 5)ΑοοΡ
662 3772 810 3826 civitate
827 3769 942 3836 Genii
965 3767 1161 3836 tepea.-
1131 3765 1211 3833 -6)

246 3839 267 3896 B
284 3841 571 3894 nominatissimus
