2512 4254
298 233 354 294 Du
374 231 559 295 DIVERSIS
579 231 814 296 VISIONIBUS.
1036 233 1075 292 95

378 423 610 514 carmonuu
641 423 743 486 xvu.

86 547 126 606 De
145 544 259 608 duobtu
280 550 426 606 conversis
447 545 579 607 Claustra·
612 551 664 624 qui
683 547 822 607 videant
843 544 993 606 &mistum
1014 549 1046 604 in

345 651 413 693 cere
428 635 606 709 pendentem
630 638 663 694 tn
684 651 778 694 mccc.

113 753 175 814 Duo
197 756 328 815 conversi
350 754 385 816 de
402 751 418 836 ¹)
439 754 653 816 Hammenrode
674 756 703 814 in
718 754 843 833 quadam
859 754 980 832 grangia
1000 755 1079 814 eius·

60 839 115 902 dem
133 841 232 904 domus
249 841 374 918 quodum
396 849 523 919 ternpore
537 843 700 902 manebant.
742 841 866 902 Stabant
885 847 982 900 autem
995 839 1080 902 simul

25 918 29 928 ’
62 929 112 990 rite
132 929 264 1006 quadam,
286 935 315 990 et
335 929 407 988 hora
428 929 605 1006 completorii
614 929 678 990 Deo
700 946 770 990 suae
792 931 936 990 servitutis
957 945 1079 1004 pensum

62 1015 256 1090 persolvebant.
298 1015 383 1076 Dicto
406 1017 599 1094 completorio,
627 1019 780 1094 respiciens
807 1034 881 1075 unus
907 1014 946 1075 ad
967 1014 1080 1082 coelum

62 1101 121 1162 sidit
138 1105 166 1162 in
187 1101 300 1162 sublimi
322 1120 435 1164 crucem
457 1103 651 1180 splendidam,
677 1105 755 1164 etin
777 1119 812 1162 ea
833 1103 991 1164 Dominum
1013 1119 1080 1162 cru·
1142 1141 1148 1150 ·

61 1187 169 1248 sistrum
209 1189 280 1248 Erat
301 1197 399 1250 autem
420 1209 489 1250 crux
517 1191 566 1250 ille
597 1189 670 1250 adeo
701 1189 859 1266 splendida,
887 1197 919 1250 ut
948 1191 985 1250 ah
1015 1191 1077 1266 ipso

61 1275 196 1350 splendore
216 1293 280 1336 sese
301 1279 423 1338 invicem
451 1277 605 1338 clarissime
617 1274 638 1357 ²)
661 1266 869 1336 contuerentur.
912 1276 988 1337 Nam
1009 1276 1080 1338 alias

62 1364 180 1423 tenebrae
194 1370 275 1424 eraut
289 1381 374 1440 super
386 1365 488 1424 faeiem
503 1372 603 1425 terrae.
623 1365 694 1422 Erat
716 1367 790 1424 enirn
800 1364 911 1441 hyemis
928 1359 1081 1442 tempusa).

62 1448 93 1508 lit
112 1453 173 1526 quia
192 1449 271 1526 loqui
291 1468 349 1510 uon
369 1451 489 1527 licebat,
518 1455 631 1528 signum
652 1452 719 1512 fecit
739 1451 834 1526 alteri,
857 1453 938 1528 quasi
951 1449 1080 1521 'interro-

62 1553 124 1611 gans
143 1539 165 1598 si
195 1537 303 1614 aliquid
324 1539 441 1598 videret.
484 1537 525 1598 At
556 1539 603 1600 illc
635 1539 705 1598 nihil
732 1556 764 1598 se
792 1538 889 1598 videre
918 1533 1081 1616 signavitt).
1151 1549 1156 1562 ‘

62 1623 133 1682 lime
161 1626 221 1702 ipse
253 1627 366 1702 signum
396 1625 437 1686 illi
469 1625 551 1701 iecit,
584 1631 616 1685 ut
643 1642 739 1704 genua
766 1625 893 1684 flecteret
921 1629 950 1683 bt
978 1630 1081 1683 oraret

64 1708 137 1786 Quod
156 1729 220 1774 cum
234 1711 368 1774 iecissent
389 1713 474 1774 ambo
496 1712 589 1788 simul,
610 1719 721 1774 erectus
740 1718 808 1788 post
828 1711 964 1788 pusillum
984 1717 1082 1772 tantae

66 1797 165 1858 visionis
191 1799 283 1860 iaetus
320 1805 364 1858 est
391 1802 486 1859 socius
516 1807 545 1860 et
576 1802 666 1860 testis.
715 1797 812 1858 Ambo
834 1799 939 1860 adhue
957 1804 991 1857 ut
1010 1803 1081 1875 puto

65 1883 159 1962 urunt,
178 1903 230 1946 nse
251 1885 318 1948 lieet
333 1887 453 1962 prodere
474 1889 590 1946 nomina
611 1885 730 1946 illorum.
772 1885 977 1948 NOVICIUS:
1000 1885 1088 1961 Quae

66 1969 110 2028 tihi
133 1972 241 2032 ridetur
269 1989 357 2034 causa
383 1973 470 2034 fuisse
497 1981 593 2034 tantae
614 1975 731 2034 visionis
753 1989 956 2034 eonversomm
976 1989 1082 2034 corrm-

66 2053 128 2132 dem,
146 2061 274 2120 meritum
296 2077 333 2120 an
354 2059 460 2136 culpa?
502 2059 735 2122 MONACHUS:
758 2059 789 2120 Si
810 2067 926 2137 propter
947 2077 997 2120 eos
1010 2061 1082 2120 visio
1166 2079 1169 2084 ·

67 2142 152 2204 eaden
171 2147 246 2207 facte
268 2153 320 2222 est,
341 2147 462 2208 alterum
486 2147 599 2208 videtur
621 2165 709 2210 eausa
732 2148 836 2224 luisse,
851 2149 929 2208 bona
949 2145 1083 2209 videlieet

67 2231 117 2290 vita
134 2233 178 2292 rel
195 2233 283 2310 scopa
302 2234 411 2314 abque,
432 2234 494 2296 sive
515 2242 676 2310 utrumque.
719 2234 785 2294 Hoc
806 2227 908 2296 verum
929 2251 1008 2308 esse,
1035 2233 1081 2294 vel

67 2329 139 2388 posse
159 2336 218 2384 esse
238 2337 347 2396 uerum,
367 2323 439 2382 visio
461 2323 640 2398 subsequens
661 2320 826 2384 declarabit.
1006 2318 1009 2327 '

379 2511 611 2574 CAPITULUM
637 2511 752 2574 XVIII.
862 2539 864 2546 .

67 2627 130 2690 Item
149 2631 183 2692 de
202 2613 341 2694 coaonae
370 2635 405 2693 de
425 2635 530 2694 Inacha
557 2636 609 2712 qut
639 2635 713 2695 vidit
735 2633 882 2696 Christum
904 2652 972 2694 eum
993 2637 1082 2710 quta-

251 2721 360 2795 ,mum
380 2722 521 2797 relipiosto
542 2726 574 2781 io
597 2741 665 2781 acre
686 2723 866 2799 mattheum

118 2838 151 2899 ln
175 2841 275 2902 Lueka
303 2843 388 2902 domo
411 2843 516 2904 ordinis
537 2845 639 2918 nostri,
671 2845 751 2902 euius
771 2845 802 2902 in
823 2842 960 2917 superiori
981 2840 1082 2900 distin-

66 2925 145 2987 etione
158 2931 271 2990 memini
285 2930 409 3005 capitulo
426 2932 562 2990 vicesimo
586 2937 696 3006 quarto,
717 2947 872 2990 conversus
894 2927 1010 3004 quidam
1032 2936 1083 3004 est,

66 3012 129 3071 sieut
147 3015 182 3074 ab
202 3015 300 3078 Adam
325 3015 454 3078 eiusdem
476 3016 578 3076 dumus
599 3016 739 3078 monacho
755 3009 854 3091 didici,
875 3016 1033 3075 virbonus
1055 3021 1084 3076 et

66 3094 252 3180 disciplinatus,
273 3103 444 3180 Rudolphus
464 3107 593 3179 nomine,
618 3106 663 3164 eui
685 3103 819 3164 divinitus
840 3103 937 3164 multa¹
951 3102 1084 3163 revelan-

65 3187 112 3244 tur.
149 3187 203 3250 Hic
225 3209 291 3252 cum
304 3197 388 3252 noete
411 3191 535 3266 quadam
557 3190 638 3254 dictis
659 3193 804 3250 matutinis
826 3195 892 3250 ante
912 3189 1007 3250 lucem
1028 3191 1083 3252 sub

65 3267 123 3332 divo
149 3281 247 3353 staret,
277 3283 306 3337 et
333 3281 474 3338 orationes
504 3279 615 3354 aliquas
644 3276 763 3352 diceret,
791 3277 934 3337 Christum
959 3279 989 3336 in
1017 3293 1084 3336 aere

66 3361 132 3418 cruni
151 3361 264 3424 affixum
285 3364 409 3440 pondere
430 3364 516 3442 vidit,
538 3371 567 3424 et
588 3367 664 3425 eirca
685 3381 751 3424 eum
773 3365 934 3442 quindecim
954 3364 1084 3423 homines

66 3443 178 3520 dugulos
191 3452 220 3510 in
240 3451 358 3528 singulis
369 3453 508 3511 crucibus.
550 3451 595 3512 Ex
611 3453 716 3528 quibus
732 3451 832 3512 decem
846 3457 929 3511 erant
943 3449 1084 3523 monachi,

67 3535 226 3612 titaniaque
247 3539 509 3616 conversi5orunes
531 3541 557 3599 ei
577 3540 652 3600 bene
674 3541 741 3616 noti,
763 3544 863 3618 utpote
885 3537 1084 3614 conmegatio-

83 3729 111 3800 Ὀ
127 3733 165 3790 BP
180 3740 218 3792 in.
237 3771 268 3784 -
288 3741 321 3810 2)
337 3742 523 3796 clarissime
540 3759 580 3795 orn
592 3741 649 3808 1³03
666 3758 724 3796 mor
741 3743 763 3796 l)
779 3745 997 3794 intuerentur.
1011 3763 1039 3773 -
1051 3734 1083 3800 3)

128 3805 303 3878 Hiemps.
323 3841 353 3854 -
372 3814 404 3881 t)
422 3814 487 3867 forte
505 3813 704 3884 resignavit.
