2512 4254
243 347 246 360 ,
265 282 321 346 DE
342 281 527 345 Drvuusls
544 277 780 344 VISIONIBUS.
1010 283 1070 342 14⁷

56 404 182 482 iipiocopi,
203 409 231 466 et
251 412 412 466 nostrarum
424 407 573 482 regionum
593 402 736 480 Apostoli,
757 404 860 465 devote
881 404 951 464 satis
973 405 1073 466 oravit

56 489 166 552 ummo
201 497 298 552 tamen
326 495 426 568 petivit
452 490 648 553 sibi'revelari
669 492 820 566 divinitus,
856 497 953 549 utrum
981 493 1073 567 magis

56 579 185 654 expediret
195 574 213 658 ¹)
241 581 270 638 in
302 579 395 639 officio
416 579 551 638 abbatiae
572 595 704 652 manere,
742 577 790 638 vol
816 576 894 637 illam
921 578 1074 657 resignare.

57 663 101 726 Coi
115 665 225 743 gloriosi
236 665 276 724 illi
291 672 348 725 tres
360 665 506 742 praesules
520 667 548 723 in
561 665 651 725 multo
663 663 813 741 splendore
826 663 911 724 simul
931 681 1074 740 apparen-

58 759 93 812 tes
116 751 258 814 dixerunt:
285 749 430 832 Frater2),
458 769 640 828 nequaquam
672 752 797 812 officium
825 759 907 825 tuum
935 753 1076 827 resignes,

58 841 158 916 quia'ur
179 840 260 900 brevi
286 856 353 899 cum
373 839 470 914 palma
490 841 616 914 martyrii
637 838 676 897 ad
696 855 749 898 nos
770 841 938 914 pervenies„
970 837 1075 913 sicque

58 925 249 1003 disparuerunt
290 926 378 986 Mane
393 931 549 986 comesset
564 925 758 1001 proiecturus,
779 926 962 1001 Praepositus
980 925 1075 984 sancti

58 1011 192 1090 symconis
214 1031 295 1089 eum,
320 1019 354 1072 ut
381 1030 480 1073 secum
505 1015 536 1071 in
563 1012 655 1071 reditu
682 1011 819 1088 hospitari
844 1012 1006 1088 dignaretur
1026 1027 1075 1070 ro·

58 1102 133 1176 gerit
173 1100 260 1178 Quod
280 1106 309 1161 et
328 1101 465 1176 promisit
508 1099 637 1174 Cumque
654 1099 796 1174 completa
817 1101 978 1160 visitatione
999 1098 1076 1158 redi-

59 1191 95 1245 ret
120 1187 276 1263 Treverim,
308 1187 343 1247 dc
377 1189 562 1263 promissione
590 1188 658 1245 satis
687 1202 753 1244 eum
787 1188 942 1262 poenituit,
976 1183 1076 1246 volens

60 1273 148 1334 ito'rom
167 1291 249 1334 orsre
270 1275 320 1334 nbi
338 1276 429 1350 prius,
453 1272 595 1348 quaedam
622 1271 754 1350 neglecta
775 1274 804 1330 in
824 1273 918 1348 'prima
938 1269 1076 1352 risione2)

60 1376 161 1436 sperans
187 1363 242 1421 sibi
268 1361 361 1420 denuo
384 1377 446 1420 esse
467 1359 630 1420 revelanda
672 1358 873 1419 NOVICIUS:
902 1358 985 1435 Quae
1011 1360 1077 1420 ine·

60 1455 115 1507 runt
144 1447 213 1508 ills?
266 1445 499 1508 MONACHUS:
528 1445 587 1506 Ubi
614 1447 711 1506 anima
738 1448 829 1507 sancti
856 1445 981 1506 Materni
1005 1446 1077 1506 iuis-

60 1541 98 1592 eet
119 1534 187 1595 iufra
211 1534 276 1594 illos
304 1530 448 1614 trigints⁴)
479 1533 539 1592 dies
567 1527 671 1609 quibua
698 1533 826 1609 sepultus
846 1533 947 1593 fuerat.
1001 1533 1077 1610 Quid

61 1619 149 1696 plura?
189 1621 325 1681 Promissi
360 1623 405 1681 sui
429 1637 546 1695 mernor,
572 1623 603 1679 in
633 1620 718 1680 domo
747 1621 907 1697 Praepositi
936 1638 967 1680 se
994 1637 1077 1680 rece-

61 1705 129 1788 pit⁵),
158 1714 187 1768 et
212 1711 287 1769 sicut
312 1711 373 1784 ipse
400 1714 618 1783 procuraverat,
654 1709 683 1766 in
709 1709 774 1783 ipss
799 1719 883 1768 nocte
908 1707 991 1766 solito
1013 1725 1079 1767 ma-

62 1797 139 1854 ton'us
168 1811 287 1873 surgens
326 1802 355 1854 et
385 1798 539 1854 matritinas
573 1794 741 1868 decantans,
780 1793 928 1854 monachis
959 1794 1079 1869 relictis,

63 1887 87 1940 et
111 1897 241 1943 converso
262 1887 419 1958 assumpto,
440 1881 478 1941 sd
507 1880 657 1942 ecclesiam
678 1883 769 1940 suncti
788 1881 922 1942 Eucherii
942 1883 1079 1957 perrexit,

63 1969 165 2044 eriptam
196 1971 326 2044 intravit,
362 1976 391 2028 et
422 1970 523 2028 oravit.
572 1967 629 2028 Ubi
657 1969 711 2028 sub
740 1968 831 2028 forme
859 1971 960 2045 prioris
988 1971 1079 2028 visio·
1125 2027 1128 2038 ,

61 2055 99 2112 nis
111 2055 246 2130 praefatos
261 2054 415 2116 Pontifices
428 2055 526 2116 videre
540 2058 650 2115 meruit
671 2054 720 2114 Ad
734 2072 820 2132 quem
833 2062 950 2116 sanctus
962 2055 1080 2116 Eucha-

62 2142 125 2200 rins:
143 2140 216 2202 Novi
237 2143 276 2202 ad
296 2139 394 2222 quido)
416 2144 535 2202 veneris.
577 2142 654 2202 Ecce
670 2141 827 2218 Maternus,
846 2143 989 2219 interroga
1005 2159 1081 2202 cum.
1103 2157 1104 2162 ¹

63 2226 138 2304 Quod
163 2247 227 2288 cunr
254 2230 381 2308 fecisset,
402 2229 548 2305 respondit
568 2229 630 2289 ille:
659 2227 766 2288 Anima
786 2245 851 2288 mes
871 2247 923 2306 per
942 2229 1006 2290 illos
1027 2231 1080 2288 tri-
1150 2282 1154 2288 .

63 2316 132 2390 gnta
160 2315 219 2377 dies
245 2317 298 2375 fnit
325 2319 353 2374 in
381 2315 523 2392 paradiso.
566 2315 604 2376 Et
632 2317 699 2392 quia
727 2317 837 2376 sciebat
864 2335 895 2378 se
917 2316 955 2377 sd
976 2333 1080 2394 corpus

64 2417 118 2460 osse
135 2419 324 2480 reversuram,
345 2402 477 2463 mercede
498 2403 553 2462 sibi
579 2404 621 2478 in,
637 2401 808 2464 coelestibus
829 2412 1000 2481 praeparata
1027 2405 1080 2462 inni

64 2503 113 2546 non
131 2493 227 2566 potuit
259 2489 347 2550 Mane
369 2507 438 2567 ergo
459 2493 488 2548 in
502 2489 595 2556 officio
616 2495 675 2566 tuo,
696 2493 765 2566 qnia
784 2508 836 2567 per
856 2492 982 2568 palmam
1004 2509 1082 2550 mor-

64 2577 121 2650 tyrii
145 2577 199 2637 cito
228 2577 312 2637 nobis
340 2578 502 2637 sociaberis.
546 2575 630 2653 Quod
650 2581 691 2638 its
710 2578 818 2637 iactum
840 2586 892 2638 est.
934 2579 1008 2638 Nam
1021 2575 1082 2657 ⁷)rr

65 2662 176 2735 quodam
203 2667 306 2745 misero
332 2669 448 2740 propter
468 2663 561 2723 celum
582 2663 686 2724 ordinis
707 2664 828 2724 latenter
847 2666 1009 2726 interiectus
1031 2669 1082 2722 est.

64 2745 164 2810 Deinde
189 2751 304 2811 beatus
314 2750 446 2811 Pontifex
472 2750 616 2809 adiunxit:
648 2751 795 2811 Existcnte
822 2769 870 2811 me
891 2754 920 2810 in
939 2750 1084 2827 'paradiso

65 2835 99 2892 nil
116 2844 207 2896 actum
229 2845 273 2897 est
293 2839 324 2896 in
344 2837 450 2897 mundo
472 2836 550 2912 quod
570 2853 628 2896 nou
648 2833 777 2898 viderim.
807 2838 897 2898 Vides
918 2844 1026 2913 quanta
1047 2839 1084 2896 sii

66 2928 179 2994 potentia
194 2923 301 2984 electae
314 2927 427 2983 animae
441 2941 460 2983 a
476 2937 593 3000 corpore
613 2923 738 2984 exutae?
760 2923 791 2985 Si
802 2931 884 2984 unta
896 2924 968 2984 vidit
981 2926 1010 2982 in
1022 2931 1083 2983 ter·

66 3011 136 3069 rostri
145 3011 285 3087 paradiso,
306 3015 509 3086 qumtapuiss
523 3010 603 3069 videt
614 3012 728 3086 quando
741 3011 841 3070 fruitur
860 3010 947 3071 Deo?
968 3009 1084 3072 NOVI-

68 3093 155 3158 CIUS:
186 3097 252 3158 Non
284 3098 399 3174 ambigo
428 3099 506 3180 quin¹
524 3099 620 3156 omnib
647 3104 716 3158 tunc
744 3100 816 3158 sciet
844 3103 873 3157 et
900 3098 1005 3158 videat.
1055 3099 1087 3160 Si

68 3190 170 3244 sanctus
189 3183 365 3244 Benedictus
397 3183 492 3244 adhuc
521 3185 643 3245 existens
681 3184 868 3260 corruptibilis
890 3203 925 3245 ex
946 3185 1087 3246 beneficio

69 3272 140 3330 unius
172 3275 284 3332 murac
313 3269 408 3331 coelos
439 3273 631 3346 penetrantis,
662 3276 755 3332 toturn
776 3270 914 3336 mundum
935 3273 1007 3333 vidit
1034 3273 1088 3333 sub

69 3369 118 3414 uno
144 3358 219 3419 radio
248 3357 317 3418 solis
338 3362 404 3418 onte
427 3356 525 3420 oculos
547 3374 614 3419 suos
637 3357 786 3420 collectum
797 3355 833 3440 ⁸),
863 3377 921 3421 non
941 3363 1044 3420 mirum
1066 3361 1090 3420 si

88 3505 113 3573 1)
128 3507 147 3560 Β
162 3506 333 3576 expediret
350 3523 427 3560 enm.
446 3537 476 3548 -
497 3509 529 3577 2)
548 3508 568 3561 ὓ
585 3508 648 3561 iiii.
674 3539 703 3550 -
731 3510 763 3579 3)
780 3510 864 3564 AGDP
886 3512 1091 3564 visitatione.

131 3607 160 3618 -
177 3579 208 3647 4)
226 3577 265 3632 GP
283 3577 520 3654 quadraginta,
538 3581 574 3632 sic
592 3587 619 3630 ei
635 3580 709 3634 inira.
726 3611 760 3620 -
778 3582 810 3648 5)
828 3581 848 3634 0
864 3583 973 3649 recepi
1002 3581 1091 3632 iecit.

133 3675 160 3686 -
184 3649 214 3718 o)
243 3647 285 3701 Ar>
309 3647 401 3718 quod.
427 3677 458 3688 -
477 3649 509 3715 7)
533 3647 553 3701 G
575 3663 643 3700 narn
667 3659 707 3702 ei.
733 3680 763 3690 -
788 3651 820 3718 8)
844 3650 947 3718 Gregor.
972 3649 1034 3702 Dial.
1057 3649 1093 3710 ii,

132 3716 176 3770 ³5:
199 3718 302 3788 „Omnia
326 3720 401 3770 etiarn
423 3717 530 3770 mundus
554 3716 624 3770 velut
644 3719 691 3774 sub
714 3735 765 3772 uno
788 3719 848 3772 solia
870 3719 941 3772 radio
958 3719 1093 3780 collectus,

133 3795 187 3838 ania
219 3789 306 3840 oculos
339 3789 394 3842 eius
429 3785 552 3840 adductus
581 3796 629 3840 est.
676 3790 725 3854 Qui
752 3789 903 3842 venerabilis
932 3797 1006 3856 pater
1034 3787 1092 3839 dnm
1192 3779 1197 3792 ’

132 3854 247 3912 intentam
269 3858 399 3912 oculorum
423 3859 503 3910 aciem
531 3859 559 3910 in
588 3856 638 3910 hoc
658 3858 792 3928 splendore
819 3873 938 3910 coruscae
966 3857 1027 3907 lucis
