2608 4252
385 267 441 328 nu
462 266 619 330 anuum
634 265 775 328 namn.
1056 271 1097 327 re
1138 334 1145 346 ,

82 391 183 468 Abbati,
201 389 361 468 intelligens
373 390 421 450 ille
443 407 479 450 ex
498 389 639 449 munditia
659 390 850 450 conscientiae
872 393 940 465 eius,
962 390 1098 467 Spiritum

82 483 196 539 sanabrm
214 496 280 540 esse
301 482 332 536 in
353 493 395 553 eo,
416 477 575 554 respondit:
597 477 681 554 Roga
700 477 796 536 Deum
818 476 896 552 quod
917 479 968 552 vis,
982 485 1020 537 -et
1039 493 1097 538 non

81 566 181 642 negabit
200 567 260 626 tibi.
304 563 406 624 Oravit
425 565 486 640 ille,
514 571 543 624 et
565 564 715 623 exauditus
737 570 788 622 est.
832 562 879 622 Ab
901 563 949 622 illo
970 571 1098 640 tempore

82 654 105 710 iu
131 659 240 711 tentrm·
263 651 460 712 delectabatur
488 654 518 710 in
548 653 618 710 cibis
646 650 836 728 regularibus,
868 657 901 709 ut
930 650 965 708 de
986 651 1099 710 licentia

82 741 180 799 maioris
207 739 397 799 abstinentiae
426 738 535 798 Abbati
568 739 640 797 foret
666 741 853 814 importunus.
896 735 1098 797 NOVIOIUS:

83 826 152 886 Beati
170 832 235 886 sunt
257 825 435 900 claustrales,
459 828 508 900 qui
529 824 567 884 ad
588 832 697 884 tantam
717 824 937 883 familiaritatem
959 823 1016 883 Dei
1037 824 1099 884 Ge-

82 915 173 974 uitn'eis
199 912 394 972 admittrmtur.
436 909 671 971 MONACHUS:
703 911 769 970 Nou
796 911 890 970 solum
918 910 1100 984 claustrales,

82 1001 129 1059 ino
147 1007 175 1059 et
187 1017 324 1076 personas
350 998 510 1058 saeculares
534 1015 564 1057 se
588 998 736 1074 diligentes
757 1004 848 1057 mater
869 996 1005 1072 pulchrae
1028 997 1100 1058 dile-

83 1089 168 1146 ctionis
180 1084 195 1167 ¹)
209 1086 300 1162 diligit
318 1085 486 1144 ethonorat.
529 1085 574 1142 Ex
596 1087 700 1160 quibus
722 1087 843 1169 occurrit
863 1085 967 1144 beatae
989 1101 1100 1144 memo·

82 1175 130 1232 riae
142 1164 284 1234 wdecim
298 1171 334 1232 de
347 1172 480 1246 Birbech,
502 1174 581 1230 cuius
600 1189 687 1247 supra
700 1173 729 1228 in
746 1171 865 1230 diversis
885 1171 955 1230 locis
977 1175 1101 1246 memini,

82 1276 156 1334 quem
175 1277 232 1320 non
252 1259 346 1318 solum
372 1259 509 1318 inferioris
531 1257 636 1318 ordinis
658 1259 799 1332 homines,
831 1257 882 1317 sed
905 1265 933 1318 et
954 1259 1050 1336 Reges
1072 1265 1101 1318 et

82 1349 207 1423 principes
224 1345 390 1421 nobilesque
412 1346 630 1418 venerabantur,
651 1345 799 1404 audientes
814 1345 954 1405 beneficia
975 1351 1100 1406 amatre

83 1432 184 1492 Domini
211 1431 251 1492 illi
274 1449 418 1494 concessa.
461 1431 664 1492 NOVICIUS:
699 1431 786 1491 Cuius
807 1430 888 1511 fuit2)
916 1433 1100 1508 professionis

83 1521 201 1596 viriste,
232 1537 268 1579 ex
296 1520 489 1596 superioribus
516 1521 598 1595 novi,
631 1518 682 1579 sed
711 1521 775 1594 quis
802 1520 886 1578 luerit
917 1519 965 1578 vel
986 1520 1100 1596 qualem

84 1605 182 1666 duxerit
200 1611 289 1666 vitam
311 1613 377 1666 ante
399 1607 628 1680 conversionem,
657 1608 718 1665 sive
750 1623 905 1666 conversus
930 1609 960 1664 in
989 1607 1100 1681 ordine,

84 1695 145 1752 scire
157 1693 293 1754 desidero.
336 1691 571 1752 MONACHUS:
594 1692 737 1768 Quicquid
752 1692 787 1751 de
808 1692 883 1753 illius
904 1693 1016 1753 actibus
1037 1711 1101 1753 me-

84 1782 163 1841 moria
182 1780 299 1858 dignum
320 1782 396 1854 novi,
417 1779 476 1838 lida
498 1780 549 1838 tibi
569 1779 695 1855 pandam
716 1779 861 1839 relatione.

341 1968 574 2030 CAPITULUM
609 1967 829 2050 Xitxvssifl)

308 2091 377 2152 Vera
399 2092 510 2152 domini
536 2091 660 2151 Woltere'
681 2093 717 2151 da
736 2092 871 2152 Birbecla

138 2211 223 2289 lgltur
251 2213 397 2274 Waltems
426 2212 462 2272 de
492 2213 618 2272 Birbech
645 2212 714 2273 villa
742 2214 878 2274 oriundus
907 2217 1027 2288 exstitit,
1059 2219 1103 2274 vir

87 2295 154 2358 diues
181 2315 215 2359 ac
246 2306 349 2377 potens
381 2297 439 2380 etr)
467 2300 570 2360 nobilis
601 2299 699 2375 valde,
731 2303 959 2378 consanguineus
986 2301 1102 2363 Henrici

86 2381 164 2444 Ducis
192 2386 347 2448 Louaniae.
397 2386 454 2462 Qui
485 2404 551 2447 cum
583 2393 659 2446 esset
690 2387 805 2448 militiae
836 2388 976 2448 saeculari
1006 2389 1101 2452 adbuc

86 2477 167 2532 aetate
184 2473 288 2534 florens
309 2473 435 2549 deditus,
463 2476 541 2533 etin
563 2491 598 2532 ca
618 2481 750 2534 strenuus
771 2477 840 2534 satis
861 2481 948 2552 atque
969 2480 1100 2538 nomina·

86 2561 137 2632 tus,
159 2559 310 2620 Dominam
337 2567 466 2621 nostram
493 2566 623 2620 sanctam
650 2559 707 2620 Dei
738 2560 912 2622 Genitricem
931 2579 1101 2640 semperque
1137 2613 1140 2622 .

87 2641 218 2722 Virginem
247 2647 371 2708 Mariam
403 2649 440 2708 ab
472 2650 535 2723 ipsa
565 2650 686 2723 pueritia
714 2651 808 2726 coepit
835 2651 981 2724 invocare,
1014 2657 1100 2710 etex

87 2730 172 2792 intimo
191 2735 283 2794 cordis
310 2733 415 2794 affectu
443 2735 571 2810 diligere,
603 2740 691 2810 atque
710 2736 833 2810 ieiuniis,
862 2737 1051 2812 eleemosynis
1072 2745 1101 2796 et

87 2818 221 2880 mbramm
248 2821 662 2881 celebrationibusfflonorare.
704 2822 786 2882 Licet
811 2826 886 2882 enim
907 2839 1025 2898 corpore
1048 2824 1101 2885 de·

89 2899 151 2964 dtus
171 2914 256 2984 esset,
288 2915 321 2967 ut
347 2907 454 2968 dictum
482 2914 538 2981 est,
571 2912 767 2984 tomamentis,
800 2908 886 2970 corde
907 2915 1002 2968 tamen
1023 2917 1101 2972 totus

89 2997 139 3049 erat
162 2994 189 3052 in
216 2995 354 3071 obsequio
383 2995 486 3056 beatae
507 2996 641 3072 Virginis.
662 3028 704 3038 —-
725 2996 867 3074 Tempore
888 2997 1014 3072 quodam
1035 3017 1102 3059 cum

89 3089 235 3154 properaret
255 3080 294 3142 ad
308 3081 453 3157 quoddam
473 3087 692 3157 tomamentum,
711 3079 846 3166 multos⁴)
867 3083 970 3144 milites
990 3087 1101 3148 babens

89 3163 270 3243 bmnium,
299 3171 500 3245 venissentque
509 3165 529 3249 ⁵)
558 3169 596 3228 ad
625 3168 775 3228 ecclesiam
802 3170 958 3248 quandam,
984 3173 1048 3234 illos
1070 3182 1103 3234 ut

89 3251 188 3314 mirsam
219 3255 319 3315 audire
351 3255 457 3316 vellent
486 3256 663 3314 hortabatur.
713 3255 799 3332 Quod
830 3274 897 3320 cum
927 3269 1104 3337 recusarent,

90 3353 183 3402 moram
202 3348 312 3402 tantam
333 3343 389 3402 sibi
409 3343 597 3418 periculosam
618 3359 681 3402 esse
702 3343 929 3422 praetendentes,
945 3345 1002 3406 illis
1022 3365 1103 3409 rece·

90 3421 205 3488 dentibus
233 3430 295 3506 ipse
323 3432 441 3504 mansit,
470 3432 587 3488 missam
616 3429 651 3488 de
680 3437 780 3490 sancta
807 3431 900 3492 Maria
921 3433 976 3492 sibi
997 3438 1105 3495 cantari

89 3505 156 3590 lecit,
175 3522 202 3576 et
222 3515 339 3592 obtulit3
363 3518 459 3594 sicque
481 3519 574 3576 socios
595 3518 739 3578 insecutus
762 3525 812 3580 est.
856 3518 909 3579 Cui
931 3538 996 3580 eum
1017 3522 1105 3597 aliqui

105 3697 130 3764 l)
144 3699 216 3754 breb.
233 3703 277 3766 24,
294 3701 337 3754 et.
357 3731 389 3740 -·
407 3703 439 3770 2)
457 3702 497 3754 ΒΡ
515 3703 622 3754 luerit.
642 3733 673 3744 -
692 3704 725 3772 *)
742 3702 831 3755 lloruil.
850 3703 878 3755 ll.
898 3719 922 3770 p.
941 3707 966 3756 5.
986 3733 1016 3743 -
1036 3705 1107 3770 ΒΗ)

147 3776 171 3820 et
187 3777 364 3853 potensnet,
380 3771 421 3825 Bc
438 3780 470 3823 et
487 3781 604 3840 potens
623 3788 666 3825 uc.
683 3803 712 3812 -
726 3775 758 3840 l)
776 3770 892 3823 multos
909 3771 958 3822 add
976 3771 1004 3822 B.
1025 3799 1055 3810 -
1075 3773 1107 3838 5)

149 3839 471 3910 beneventumque.
828 3912 851 3982 3
