2524 4252
312 269 367 332 Du
387 269 569 334 PRAEMIO
590 271 856 336 Moeruoebtr.
1034 273 1096 336 ote

72 393 178 452 mium.
220 391 415 470 Quadraginta
437 395 512 453 enim
534 395 615 452 annis
638 393 749 454 Christo
772 397 801 454 in
823 394 921 454 ordine
947 395 1097 471 servierat,

71 479 110 538 ad
127 481 213 538 instar
234 483 355 557 sagittae
377 480 482 540 multos
504 480 656 540 salubriter
675 481 829 540 vulnerans
851 481 981 556 exemplo
1002 489 1098 542 rectae

71 569 302 642 conversationis,
322 569 422 644 pennis
444 567 612 628 sublevatus
635 567 890 644 contemplationis.
932 568 968 626 In
989 571 1096 646 sagitta

70 654 123 712 tria
141 659 213 728 sunt,
234 654 351 730 lignum,
372 671 493 730 pennae,
513 654 628 713 ferrum.
669 653 705 713 In
725 655 802 732 ligno
831 662 948 732 propter
973 655 1098 714 fructum

70 742 229 815 expn'mitur
248 742 317 800 boni
337 743 431 816 operis
453 741 614 816 plenitud03
642 757 839 818 perpernae,
867 743 982 818 gemine
1002 741 1033 800 id
1054 748 1099 802 est

71 825 126 886 Dei
145 833 173 886 et
192 829 314 903 proximi
336 827 464 903 dilectio;
493 831 523 886 in
543 827 616 886 ferro
640 827 717 903 quod
738 836 855 888 acubrm
885 835 943 904 est,
971 835 1099 904 extrema

70 915 256 990 compunctio.
297 914 375 974 Nota
399 914 478 990 quod
505 917 610 991 sagitta
636 931 695 974 non
722 922 799 975 reete
827 915 952 990 ducitur,
979 917 1033 974 nisi
1061 917 1099 974 sit

68 999 204 1076 pennats‘,
229 1017 323 1077 neque
344 1003 492 1077 pervenire
513 1007 608 1077 potest
628 1002 666 1060 ad
694 1002 790 1062 locum
819 1002 999 1062 destinatum.
1048 1001 1097 1063 Sic

69 1090 161 1146 anima
181 1089 305 1148 etiamsi
326 1088 410 1148 luerit
425 1091 579 1147 innumeris
601 1089 736 1165 operibus
759 1090 849 1166 bonis,
870 1089 901 1148 id
922 1095 966 1149 est
987 1089 1023 1148 de
1043 1105 1098 1166 ge·

68 1191 134 1234 uere
151 1175 302 1251 bonorum,
322 1176 399 1235 bene
419 1175 568 1250 decorate,
597 1181 626 1234 et
650 1177 724 1235 ferro
746 1178 903 1236 acutissimi
932 1175 1036 1235 doloris
1057 1179 1097 1234 ti-

67 1277 144 1322 more
163 1269 347 1337 peccatorum
367 1261 482 1338 allecta,
511 1280 658 1338 nunquam
679 1269 775 1322 tamen
799 1265 860 1323 sine
889 1263 941 1324 alis
971 1264 1096 1324 caritatis

68 1347 106 1407 ad
131 1348 226 1408 locum
253 1351 399 1425 perveniet
427 1356 560 1409 aetemae
589 1351 700 1424 quietis.
749 1350 796 1410 De
824 1350 880 1410 hoo
909 1350 973 1410 loeo
1001 1349 1099 1410 David

70 1433 136 1494 dicit
155 1439 184 1495 in
205 1435 338 1496 Psalmo:
362 1437 434 1514 Quis
455 1437 539 1495 debit
560 1438 630 1494 mihi
646 1455 763 1511 pennas
783 1440 860 1496 mont
880 1437 1048 1510 columboe,
1071 1444 1099 1497 et

68 1522 180 1596 eolulm,
203 1529 231 1582 at
250 1527 431 1600 requiescam
443 1519 487 1596 ¹)?
529 1521 735 1583 Novicfflsz
757 1523 852 1598 Saepe
872 1526 901 1581 in
924 1526 1020 1600 specie
1045 1541 1098 1583 oo-

65 1608 180 1670 lumbae
199 1611 340 1670 iustorum
360 1612 473 1669 animae
493 1609 626 1686 leguntur
638 1610 733 1670 coelos
754 1617 929 1687 penetrasse.
964 1609 1098 1670 MONA-

68 1695 183 1757 cede:
203 1697 313 1757 Verum
325 1697 404 1773 dicis;
423 1713 491 1756 nam
508 1704 538 1757 et
558 1715 647 1756 unum
668 1698 830 1775 exemplum
851 1699 1001 1758 recentiori
1021 1704 1098 1756 tem·

67 1797 135 1858 pore
154 1790 277 1862 gestum,
298 1783 334 1844 de
354 1783 411 1844 hoc
432 1785 483 1844 tibi
505 1785 635 1844 referam.

357 1976 360 1986 '
403 1973 636 2036 CAPITULUM
655 1920 766 2035 XLvI.

69 2097 115 2155 De
141 2097 274 2157 scholare
305 2100 389 2158 cuiue
410 2100 514 2156 anima
534 2101 567 2178 ive
587 2100 679 2174 specie
700 2095 853 2158 columbae
874 2103 1028 2173 assumpto
1049 2103 1099 2156 eet.

122 2233 165 2302 ,In
188 2237 302 2295 civitate
323 2235 470 2295 Bonnensi
492 2235 634 2312 quaedem
655 2236 765 2296 inclusa
787 2241 847 2296 erat
868 2235 1011 2310 habitans,
1032 2234 1100 2295 reli-

67 2323 148 2400 giosa
169 2325 239 2382 satie
260 2328 347 2397 atque
370 2323 483 2382 devota.
526 2323 608 2382 Haec
634 2341 699 2382 cum
726 2330 810 2383 nocte
839 2322 964 2400 quadarn
991 2321 1100 2382 rimulis

68 2408 155 2469 cellae
176 2392 246 2469 sua't
268 2409 447 2484 splendorem
469 2411 581 2468 immitti
603 2418 746 2484 comeret,
774 2417 803 2470 et
825 2409 900 2468 diem
921 2427 985 2470 esse
1012 2415 1100 2486 puta-

53 2501 122 2572 ret,
143 2497 242 2554 territa
262 2503 377 2572 propter
397 2496 482 2555 horae
504 2496 631 2556 nondum
654 2497 757 2572 dietas,
785 2500 920 2571 surrexit,
947 2497 1100 2556 fenestram

66 2600 165 2642 versus
187 2585 354 2643 cimiterium
375 2585 502 2660 aperuit3
529 2591 558 2642 et
579 2601 646 2642 ecee
667 2587 747 2644 iuxta
768 2590 855 2666 eaput
875 2583 1018 2660 sepulchri
1046 2601 1100 2642 ou·

66 2671 177 2729 iusdam
199 2669 336 2729 scholaris
357 2677 484 2729 recenter
504 2671 571 2731 illue
593 2670 713 2749 sepulti,
743 2672 806 2729 miri
828 2671 938 2730 decoris
965 2671 1100 2728 feminam

66 2761 140 2816 stare
155 2760 311 2833 conspexit.
347 2755 445 2818 Gloria
460 2761 585 2834 corporis
607 2760 667 2817 eius
685 2757 805 2818 eandem
826 2756 920 2816 lucem
943 2761 1101 2816 creaverat

68 2843 172 2902 Stabat
201 2851 230 2903 et
252 2843 385 2903 columba
406 2847 491 2903 nivea
511 2863 596 2921 super
616 2845 772 2919 tumulum,
795 2861 881 2920 quam
909 2843 958 2903 illa
984 2845 1099 2919 rapiens

66 2932 140 2990 misit
161 2933 191 2989 in
213 2933 305 2989 sinum
327 2949 420 2990 suum.
457 2929 571 2991 Inclusa
594 2949 662 2990 vero
677 2931 812 2991 lioetiam
833 2930 1002 3006 intelligeret
1024 2947 1098 3006 quae

66 3023 149 3094 esset,
170 3023 266 3077 tamen
289 3036 352 3077 eum
382 3021 542 3077 reverentie
570 3036 712 3096 quaenam
740 3019 812 3077 soret
840 3017 995 3093 requisivit.
1045 3016 1098 3078 Oui

64 3103 126 3164 ille:
148 3103 213 3180 Ego
235 3122 299 3166 eum
321 3111 412 3164 meter
434 3104 553 3180 Christi,
581 3113 610 3164 et
631 3107 756 3164 animam
777 3104 914 3164 scholaris
935 3104 1020 3163 huius
1049 3106 1096 3182 qui

66 3209 131 3251 vere
153 3198 264 3268 martyr
285 3198 329 3252 est
350 3191 448 3251 tollere
469 3195 544 3252 veni.
585 3192 699 3251 Revera
716 3191 860 3251 scholares
887 3194 912 3250 si
933 3194 1099 3251 innocenter

64 3279 173 3352 vivunt,
194 3283 223 3336 et
244 3279 364 3339 libenter
385 3279 512 3355 discunt,
536 3285 675 3355 martyres
704 3284 779 3336 sunt.
830 3277 915 3354 Quod
945 3281 968 3337 si
996 3285 1098 3354 postea

63 3371 138 3424 artes
161 3365 261 3424 doctas
282 3368 311 3424 in
333 3368 464 3440 canate,
492 3368 617 3424 maxime
638 3367 667 3423 in
689 3365 746 3424 Dei
767 3367 882 3424 servitio
906 3367 1097 3441 exercuerint,

63 3468 198 3529 magnam
226 3469 261 3511 ex
289 3453 346 3514 hoo
372 3453 534 3514 mercedem
563 3458 782 3530 consequentur.
832 3452 879 3512 De
907 3452 964 3514 hoo
995 3450 1096 3512 audias

64 3535 233 3614 exemplum.

82 3847 111 3916 1)
128 3845 193 3900 eser.
211 3848 254 3914 en,
271 3849 295 3900 r.
