2512 4254
338 285 393 352 DE
415 286 789 394 bespennensium.
1033 293 1092 352 179

394 483 626 548 CAPITULUM
643 481 760 544 XVIH.

129 609 173 668 De
193 607 348 686 Heyiordo
369 607 522 668 mambote
542 606 578 665 de
604 604 805 680 stinsaiorp
826 605 1031 682 uniformem

316 694 440 755 bumont
461 696 575 752 breona
595 693 671 754 uidit
690 696 723 752 iu
743 694 841 752 eolice.

127 813 292 892 Heylarbna
314 814 450 878 suendae
478 813 514 876 de
535 813 747 891 uouemere,
777 829 843 877 oum
872 813 917 876 die
931 810 948 893 ¹)
971 815 1095 891 quedem

70 903 99 960 in
121 902 238 964 emuna
264 905 323 960 iam
358 901 451 963 dietae
479 901 566 962 villae
594 905 712 964 musam
739 901 860 977 diceret,
889 908 919 966 et
940 901 976 962 de
998 919 1096 964 saere-

70 995 158 1049 mmte
179 1003 214 1049 ex
229 991 403 1051 immiselone
424 988 530 1048 diaboii
543 989 702 1065 peneuiose
716 987 867 1064 dubitaret,
889 989 1003 1064 quando
1023 1007 1095 1050 ven·

70 1081 125 1136 tum
155 1082 197 1136 est
217 1075 256 1136 eui
277 1078 436 1138 orationem
455 1075 638 1136 Dominioam
658 1077 709 1136 ubi
728 1075 804 1136 ealix
825 1077 1021 1152 discoopertus
1043 1075 1096 1135 de-

69 1165 130 1237 poni
150 1163 234 1237 solet,
261 1162 381 1224 humani
409 1165 516 1224 cruoris
537 1157 713 1238 speeiem'in
732 1163 781 1222 illo
803 1163 889 1238 vidit,
922 1170 951 1224 et
973 1165 1123 1238 eupuvit.¹

69 1248 110 1308 Ao
128 1251 152 1308 ai
172 1252 199 1309 ei
220 1249 501 1326 diseret'Dominus:
529 1249 639 1312 Sinon
661 1249 752 1312 eredis
773 1256 967 1326 sacramento,
987 1252 1096 1310 vetita*-

71 1341 123 1394 tam
143 1335 234 1398 blsees
256 1339 458 1412 experimento.
499 1337 537 1396 et
559 1353 624 1396 eum
651 1336 724 1396 fides
745 1339 794 1397 vie
815 1340 852 1398 sit
872 1337 909 1396 ad
932 1339 1057 1413 speeiem
1065 1332 1095 1416 ²),

70 1423 168 1497 medes
188 1423 263 1484 haee
284 1426 442 1500 sanguinea
469 1427 498 1482 te
519 1423 637 1484 reducet
658 1423 697 1484 ad
716 1423 812 1486 iidem.
831 1487 832 1490 ,
854 1423 978 1486 Duravit
999 1432 1095 1486 eutem

70 1508 207 1570 tormeilin
219 1523 312 1585 usque
327 1510 365 1570 ad
379 1511 577 1584 sumptionem.
608 1509 740 1572 Interfuit
759 1511 852 1570 eidem
873 1514 979 1572 missae
991 1511 1096 1572 Hilde-

71 1593 162 1656 boidin
184 1595 288 1656 Comes
309 1595 346 1658 de
367 1593 547 1677 Lunbere³),
568 1599 612 1657 vir
632 1596 690 1658 fide
711 1604 747 1672 et·
762 1614 847 1672 opere
869 1615 970 1674 porum
993 1598 1095 1658 catho-

72 1679 143 1741 liens.
183 1681 347 1760 Heylardus
368 1700 436 1743 vere
453 1684 514 1744 sibi
533 1685 651 1759 timens,
672 1686 807 1760 magistro
827 1683 955 1744 iohanni
975 1683 1095 1744 Deeeno

73 1767 190 1844 Aquensi
203 1771 342 1830 visionem
355 1771 459 1845 retulit,
480 1788 499 1829 e
520 1788 577 1845 quo
600 1787 654 1847 ego
675 1770 753 1830 illam
776 1770 868 1831 didiei.
901 1769 987 1848 Quod
999 1779 1096 1830 autem

71 1852 221 1916 huiusmodi
242 1858 365 1916 visiones
387 1857 561 1933 quandoque
582 1857 652 1918 fient
672 1875 730 1918 non
758 1858 852 1917 solum
874 1875 910 1918 ex
939 1857 1023 1934 culpa
1045 1875 1095 1917 sa·
1159 1878 1162 1885 ¹

74 1940 199 2019 sorbetis,
230 1945 287 2002 imo
316 1945 403 2004 eiiam
423 1949 461 2004 'ex
486 1939 607 2021 perfidie
635 1946 890 2021 circumstantium,
918 1946 1095 2020 subsequens
1165 1977 1168 1992 ·

73 2029 166 2102 pubet
184 2029 356 2108 exemplum.

194 2185 204 2250 ⁸
413 2235 645 2300 eunnmmu
666 2235 783 2298 xix„

100 2351 142 2416 De
160 2357 218 2418 eive
238 2356 485 2420 Hibiinahemenai
506 2361 558 2438 qui
578 2363 610 2420 ie
632 2377 744 2434 cunone
765 2362 838 2421 vidit
859 2361 976 2420 calicem
1000 2378 1067 2420 eum

227 2443 376 2507 dubitaret
396 2449 542 2524 sanquine
562 2445 687 2508 Domini
710 2447 927 2510 exuberantem.

130 2563 232 2628 Retulit
252 2569 322 2630 mihi
341 2571 399 2630 iam
420 2568 514 2630 dietiu
535 2571 670 2646 magister
690 2569 839 2633 Johennes
860 2569 948 2632 aliem
969 2569 1005 2628 de
1026 2587 1096 2630 sen·

75 2651 148 2726 stine
177 2654 294 2714 Domini
325 2658 463 2718 visionem
495 2658 565 2716 setis
595 2657 758 2718 terribilem.
810 2657 884 2718 Cum
913 2659 942 2714 in
975 2656 1096 2716 eoeiesie

75 2745 177 2802 amatae
191 2741 396 2820 Welburgisin
416 2739 608 2802 Hilbinsheim
629 2743 706 2804 unde
725 2747 787 2820 ipse
810 2742 945 2804 oriundus
968 2747 1030 2816 est,¹
1045 2759 1096 2802 se-

75 2825 162 2888 eaba
180 2832 297 2890 missam
320 2829 475 2892 celebraret
495 2833 610 2892 nomine
631 2825 779 2910 Album),
801 2833 871 2892 nivis
893 2829 1008 2905 quidam
1029 2835 1096 2904 post

74 2915 172 2988 tergum
183 2919 243 2976 eius
256 2922 353 2991 stans,
376 2931 442 2976 eum
454 2934 489 2978 ea
504 2933 578 2993 quae
588 2919 630 2978 ibi
639 2919 835 2996 traetebautm
852 2919 945 2976 minus
959 2915 1096 2992 erederet,

74 2993 198 3073 iuuenem
217 3005 310 3066 itetn
332 3003 419 3067 naboe
441 3003 584 3065 exundare
605 3004 690 3080 vidit,
722 3011 754 3064 ut
774 3005 813 3064 ad
833 3007 922 3064 instar
943 3001 1017 3064 oliae
1036 3003 1096 3062 ier·

74 3089 153 3146 ventis
180 3091 385 3166 supereffluens
414 3097 504 3149 totem
532 3087 629 3150 altmis
657 3091 836 3168 superficiem
857 3091 986 3166 operiret
1029 3085 1114 3166 Qua*

74 3172 169 3248 visione
196 3179 266 3238 satis
295 3183 338 3236 est
366 3180 495 3253 territus,
524 3183 553 3237 et
573 3195 656 3254 spero
679 3177 757 3254 quod
778 3195 830 3254 per
849 3177 928 3238 illem
949 3175 987 3236 ati
1008 3174 1094 3235 fidem

72 3265 228 3322 sacramenti
261 3265 298 3322 ait
328 3263 471 3324 reduetus.
517 3263 655 3324 Habebat
686 3270 782 3325 autem
813 3264 907 3340 liquor
935 3263 1094 3322 exuberans

73 3341 178 3409 sormam
208 3351 355 3427 sanguinis
382 3350 509 3410 humani.
551 3351 597 3411 Ae
626 3353 650 3410 si
671 3353 699 3412 ei
718 3365 791 3412 voce
813 3350 918 3412 Christi
938 3349 1094 3409 diceretur:

73 3427 125 3508 Ego
145 3438 173 3495 in
193 3454 244 3497 ara
265 3441 358 3496 erneis
371 3444 487 3514 propter
507 3444 537 3498 te
557 3442 633 3499 meet
653 3456 736 3515 aqua
752 3434 990 3515 effususeuw),
1013 3441 1041 3494 et
1061 3442 1093 3492 tu

73 3517 257 3584 benedicinus
278 3530 329 3584 tua
350 3523 486 3585 dubitas?

89 3793 116 3862 1)
130 3794 171 3850 eu
187 3797 219 3852 n
235 3781 349 3851 me-
364 3795 397 3866 e)
419 3797 477 3852 cer.
497 3797 528 3862 ιι,
543 3799 568 3864 5,
583 3799 608 3852 ⁷.
629 3823 661 3840 -
676 3799 709 3869 e)
724 3795 766 3852 se
783 3795 933 3854 timuere.
952 3817 984 3832 -·
1003 3791 1034 3857 ti
1052 3789 1093 3843 ΟΡ

132 3865 291 3930 eibertus.
310 3897 343 3908 -
361 3869 393 3946 5)
411 3867 476 3922 esu.
495 3868 539 3933 21,
559 3869 600 3928 ib.
