2536 4248
382 217 771 352 nasamone-namn.
1052 261 1091 319 41

74 393 148 436 auum
166 376 301 453 ascendit,
320 379 503 455 vicinamque
523 381 631 440 means
653 379 812 454 ecelesiam,
834 379 976 441 orationes
997 377 1095 440 solitas

74 463 186 539 explevit
200 460 226 544 ¹).
267 464 325 541 Qui
347 483 413 526 cum
434 469 522 526 exiret
543 465 579 526 de
601 466 735 542 ecelesia,
757 467 828 526 vidit
848 473 1007 526 matronam
1027 466 1095 542 pul-

74 549 236 627 cherrimam,
257 567 371 612 omnem
393 553 524 613 decorem
538 551 695 612 humanum
712 552 968 627 transcendentem,
990 570 1095 629 equum

73 653 146 695 marn
175 654 227 714 per
256 638 367 698 frenum
399 645 552 699 tenemem.
603 639 720 700 Miranti
752 657 895 716 quaenam
927 646 1016 715 esset,
1046 639 1096 700 illa

73 723 220 798 respondit:
251 724 389 785 Placetne
411 726 462 785 tibi
484 728 594 802 species
614 725 701 786 mea?
744 726 866 786 Dicente
888 725 991 801 milite,
1019 745 1095 786 nun-

72 825 148 884 qnam
179 810 369 887 pulelniorem
396 812 523 889 tevid13
556 813 606 872 illa
633 813 790 872 subiunxit:
819 811 968 872 Sufficeret
993 814 1045 872 tibi
1071 815 1095 872 ei

71 912 111 955 mo
127 913 226 972 posses
246 897 353 958 habere
381 915 514 973 uxorem,
542 915 632 960 necne
645 895 688 979 ²)?
733 899 786 958 Oui
813 917 878 958 cum
899 899 1096 974 responderet:

72 980 183 1044 Cuilibet
195 984 270 1060 Regi
291 986 365 1045 bene
377 985 520 1046 sufficeret
540 988 650 1062 species
672 992 730 1061 tue,
751 993 782 1045 et
801 986 903 1045 boetus
923 985 1096 1046 iudicaretur

71 1075 114 1128 tao
134 1069 323 1152 consortio³);
345 1073 466 1132 subiecit
486 1072 549 1132 illa:
569 1073 633 1149 Ego
655 1090 704 1132 ero
726 1090 797 1132 uxor
817 1079 877 1136 tua.
919 1071 1038 1132 Accede
1057 1071 1095 1132 ad

70 1171 122 1230 me,
148 1163 177 1216 et
204 1157 243 1217 da
265 1157 333 1218 mihi
355 1158 493 1218 osculnm.
535 1159 573 1218 Ilt
594 1161 688 1236 coegit
709 1176 783 1218 eum.
826 1159 976 1235 Dixitquer
1005 1159 1095 1220 Modo

69 1242 183 1303 inia‘atoe
197 1249 266 1304 eunt
281 1247 406 1320 nuptiae,
428 1252 457 1305 et
476 1247 505 1303 in
527 1245 577 1305 tali
599 1245 644 1306 die
666 1263 763 1305 coram
783 1245 842 1306 filio
863 1262 927 1306 mco
944 1247 1095 1322 perfician-

70 1333 117 1388 tur.
154 1329 200 1390 nx
228 1327 317 1410 hoo‘)
352 1333 439 1394 verbo
469 1335 604 1409 cognovit
631 1350 696 1392 eam
724 1349 787 1392 esse
816 1337 936 1394 matrem
964 1333 1096 1409 Domini,

70 1415 141 1484 cuim
159 1419 278 1478 castius
298 1418 441 1479 hnmanae
463 1419 624 1496 congaudet
647 1422 809 1496 integritati.
851 1418 1096 1496 Apprehendens·

70 1517 118 1576 que
135 1509 263 1580 etrepam
283 1507 350 1581 equi
371 1507 440 1580 eius,
462 1512 495 1564 ut
514 1506 682 1566 escenderet
695 1507 848 1582 praecepit,
869 1509 949 1566 cuius
970 1509 1096 1568 auctori·

69 1593 119 1650 late
144 1590 226 1651 miles
255 1608 385 1668 pressus,
415 1592 549 1652 obedivit.
592 1591 640 1652 Ab
668 1592 718 1652 illa
738 1592 810 1653 hore
829 1589 909 1672 ille⁵)
931 1599 991 1652 tam
1012 1594 1096 1671 plene

69 1681 261 1738 teredone
287 1677 435 1755 praedicta
461 1677 600 1740 liberatus
628 1684 686 1754 est,
715 1685 747 1738 nt
775 1681 861 1738 etiam
890 1696 962 1739 uxor
989 1679 1096 1740 domini

69 1763 106 1820 sui
123 1765 282 1824 miraretur.
324 1761 435 1844 Haeet)
459 1783 524 1824 cum
544 1766 699 1826 heremitae
719 1768 868 1826 recitasset
887 1783 939 1842 per
960 1766 1096 1842 ordinem,

70 1847 109 1908 ille
122 1849 273 1912 Genitricis
285 1849 341 1911 Dei
355 1854 490 1928 pietatem
503 1853 587 1912 simul
609 1859 637 1912 et
653 1852 842 1913 humilitatem
862 1851 1026 1929 admiratus,
1047 1871 1096 1913 re·

68 1936 186 2010 spondit:
215 1938 280 2016 Ego
308 1940 444 1999 interesse
464 1939 532 1998 volo
554 1940 610 2000 diei
630 1942 794 2015 nuptiarum
815 1946 936 2000 tuarum.
978 1940 1096 2000 Interim

70 2020 201 2086 derebus
223 2027 281 2084 tuis
302 2023 445 2100 disponas.
488 2025 573 2101 Quod
595 2044 661 2086 enm
682 2025 807 2102 iecisset,
835 2033 864 2086 et
883 2026 1022 2086 heremita
1041 2045 1096 2088 ve-

69 2110 148 2170 unet
167 2110 206 2172 ad
228 2111 305 2172 diem
318 2111 483 2187 praefixum,
505 2113 575 2172 dixit
595 2115 703 2174 iuveni:
725 2113 820 2174 Sentis
841 2113 949 2189 aliquid
970 2113 1096 2180 doloris?

68 2193 261 2273 lloepondente
281 2198 338 2274 illo,
358 2187 425 2274 non,¹
449 2216 516 2258 cum
536 2199 662 2259 secundo
684 2205 749 2276 post
769 2199 870 2260 horam
890 2200 921 2258 id
941 2201 1036 2276 ipsum
1057 2201 1095 2262 ab

69 2297 99 2340 co
116 2287 322 2360 minotaretur,
342 2286 501 2362 respondit:
530 2285 619 2346 Modo
641 2289 741 2346 sentio.
785 2286 841 2363 Qui
861 2293 927 2362 post
947 2287 1096 2363 paululum

68 2373 220 2448 reomaus,
241 2374 372 2448 spiritum
393 2372 547 2448 exhalavit,
568 2380 598 2433 et
618 2373 772 2434 coelestem
788 2373 951 2434 ¹thalamum
971 2377 1095 2452 promia-

68 2471 108 2516 aas
126 2461 241 2537 nuptias
263 2458 457 2520 celebraturus
477 2461 601 2520 intravit

376 2649 611 2712 CAPITULUM
630 2651 781 2712 XXXIII.

70 2766 135 2830 ilem
155 2771 191 2830 de
212 2775 444 2846 emadmonioli,
467 2792 559 2850 quom
578 2793 633 2850 per
654 2775 796 2850 elaphum
817 2777 951 2848 sanavit,
973 2791 1041 2832 cum
1062 2779 1095 2834 in
1122 2791 1125 2802 ·

259 2877 360 2920 maore
381 2861 537 2920 cuiusdam
558 2863 657 2928 uertet
675 2869 747 2920 essct
768 2877 901 2962 accensae

124 2977 275 3056 Qmedam
302 2980 525 3042 sanctimonialis
554 2983 636 3060 virgo
664 2999 683 3042 a
711 2981 838 3058 quodam
866 2982 968 3044 clerico
999 2983 1095 3046 verbis
1172 2979 1177 2988 '

69 3059 385 3143 immorassemus,
408 3071 436 3128 in
458 3075 569 3129 tantum
590 3069 676 3129 flante
698 3068 877 3145 Behemoth,
897 3071 978 3130 cuins
1000 3072 1094 3131 eadee-

70 3147 129 3210 litaa
149 3157 239 3213 cumn
255 3173 374 3230 prmius
396 3156 501 3215 ardere
519 3152 639 3235 faelt’),
661 3173 801 3216 succensa
822 3163 878 3231 est,
905 3163 938 3216 ut
959 3159 1045 3219 corde
1066 3165 1096 3218 et

69 3249 112 3296 ore
129 3242 258 3316 petitioni
279 3243 340 3301 eine
362 3244 548 3316 consentiret,
579 3245 746 3318 promittens
769 3242 846 3318 quod
868 3243 943 3307 dicto
967 3244 1095 3322 comple·

70 3325 132 3384 todo
147 3329 257 3386 renuet
269 3327 307 3388 ed
320 3327 416 3388 locum
431 3329 601 3390 condictum.
640 3329 711 3389 Erat
732 3332 808 3389 enim
829 3337 926 3390 eustos
948 3332 1095 3394 ecclesiae.

70 3405 145 3471 Dicto
167 3413 352 3491 completorio
374 3433 439 3476 cunr
461 3422 617 3476 conventus
638 3416 815 3478 ascendisset
836 3409 1044 3493 dormitorium,
1067 3426 1096 3480 et

70 3493 312 3564 craumelle
340 3501 375 3564 de
404 3505 540 3578 oratorio,
566 3506 595 3562 in
616 3504 680 3579 ipso
701 3505 773 3564 ostio
797 3503 941 3566 Christum
962 3505 1095 3568 manibus

87 3681 114 3750 l)
129 3681 151 3739 G
165 3686 353 3756 conplevit.
373 3717 401 3732 -
424 3689 456 3758 2)
474 3702 575 3742 neone
592 3687 642 3741 add
659 3687 733 3742 tau.
748 3689 823 3757 -3J
841 3687 904 3744 BGD
921 3691 1095 3744 consortio

131 3760 198 3878 ξιιιοι
212 3784 246 3866 ἶ
262 3757 771 3898 sszcfflff'qffssifffflm'
789 3758 880 3825 hora,
898 3759 996 3814 dilala
1014 3759 1095 3813 hora
