2524 4252
310 275 365 336 DE
385 274 566 338 Perenne
587 273 852 339 Moenoenum.
1031 275 1093 336 333

65 399 134 462 dom
154 399 231 474 sutis,
252 399 302 474 qui
321 399 351 458 in
373 397 491 459 diversis
512 397 583 461 iocis
603 397 775 460 bonoillius
800 397 983 474 dispensavit
1025 396 1098 457 mot,

64 487 142 548 euim
167 487 195 546 in
225 487 376 547 commisso
396 484 504 559 fidelis,
531 487 561 546 in
586 485 829 548 administratione
857 483 948 558 utitis,
974 483 1097 560 diligem

63 589 99 634 so
132 573 362 648 circumspectus.
411 573 532 647 Propter
559 572 637 648 quod
665 591 684 634 s
712 572 825 632 domino
854 583 907 632 suo
936 573 1095 632 emebatur.

63 659 148 724 Unde
169 659 286 734 quidem
307 675 344 718 ex
364 659 532 720 officialibus
554 661 580 718 ei
601 659 796 734 detrahentes,
820 676 856 718 ex
876 657 985 728 invidia
1006 675 1095 718 eccm

63 747 169 808 subant
187 745 269 806 ilium
289 744 367 821 apud
387 745 562 821 Episcopum
584 745 723 807 dicentes:
744 745 876 820 Domine,
896 763 955 805 non
975 744 1096 805 fideliter

63 839 96 894 ut
115 834 274 894 aestimetis
293 833 452 894 Ererweoh
473 833 550 893 bone
569 840 667 894 vestre
687 833 847 909 dispensam
869 831 1042 892 consulimus
1062 837 1097 891 ut

64 937 133 982 oum
153 936 187 982 eo
209 921 388 995 computetis
429 919 514 996 Quod
536 937 602 980 cum
622 921 862 994 succensuisset,
887 925 948 981 tem
967 920 1096 978 ratione-

64 1007 158 1068 biiiter
185 1007 375 1081 computavit,
403 1012 437 1064 ut
457 1023 570 1067 omnem
590 1006 735 1082 Episcopo
755 1005 867 1066 tolleret
895 1007 1096 1080 suspicionem

63 1093 202 1155 Habebat
228 1095 305 1152 enim
324 1095 420 1154 eunde
440 1098 539 1152 notata
559 1095 588 1150 in
610 1093 727 1161 certeis.
769 1093 986 1154 subeuntibus
1006 1107 1098 1152 sccu-

64 1180 206 1242 eetoribus
221 1179 258 1239 de
271 1181 490 1255 computatione,
512 1195 577 1240 cum
589 1172 752 1254 Episcopus
769 1177 969 1256 respondisset,
990 1179 1096 1253 optime

65 1267 256 1342 computavit,
288 1265 418 1327 merent
437 1265 491 1326 ilii:
523 1266 726 1341 Nequaquam
759 1267 811 1325 sed
840 1271 986 1340 computet
1012 1265 1099 1324 nobis

63 1353 256 1426 audientibus,
277 1357 305 1412 et
326 1354 509 1415 convincetur
529 1351 685 1412 maximum
705 1354 788 1412 robis
811 1352 946 1412 damnum
959 1351 1096 1410 intulisse.

65 1437 152 1516 Quod
169 1456 235 1501 eum.
249 1441 275 1498 ei
295 1440 455 1501 intimatum
468 1439 571 1500 iuisset
582 1440 619 1498 eb
632 1439 784 1514 Episcopo,
804 1438 851 1498 ille
872 1442 975 1498 timens
995 1455 1096 1499 eemu-

62 1526 159 1608 lorum
178 1525 303 1598 insidias,
324 1526 447 1588 maxime
469 1528 536 1600 quie
550 1525 688 1588 certulam
701 1525 872 1600 perdiderat,
893 1528 933 1586 eit
954 1526 1028 1585 intre
1050 1541 1096 1584 sc:

64 1613 96 1672 Si
118 1612 224 1688 eliquid
246 1611 331 1672 modo
352 1613 382 1670 in
403 1615 614 1688 computatione
634 1613 810 1685 titubavero,
839 1628 956 1672 necesse
978 1614 1030 1670 erit
1049 1627 1099 1671 me

67 1699 113 1758 rei
134 1702 163 1760 in
185 1715 303 1774 corpore
324 1701 465 1774 torqueri,
485 1699 533 1760 rei
554 1701 674 1760 carceris
695 1698 826 1774 squalore
847 1715 937 1774 usque
959 1697 996 1756 od
1017 1714 1097 1757 mor·

65 1793 125 1846 tern
147 1788 274 1846 cruciari.
307 1785 486 1846 immissione
507 1788 592 1863 igitur
613 1785 718 1846 diaboli
740 1788 819 1845 cuius
839 1788 974 1844 instinctu
995 1784 1033 1843 ab
1050 1785 1098 1843 in-

66 1871 141 1931 vidis
168 1873 293 1933 indebite
321 1875 496 1946 vexabatur,
525 1890 657 1948 campum
685 1871 765 1932 solus
790 1874 918 1945 intrarit,
945 1872 1099 1946 ipsumque

67 1957 213 2021 diabolum
234 1959 394 2033 advocans,
415 1961 457 2018 sic
478 1959 580 2020 affatur
600 1959 712 2020 dicensr
734 1959 871 2034 Domine,
893 1961 918 2018 si
938 1958 1008 2018 mibi
1028 1975 1097 2018 suc·-

67 2047 190 2106 curreris
210 2048 239 2102 in
260 2051 341 2104 tonte
360 2048 529 2106 necessitate
550 2048 659 2121 posito,
685 2046 843 2104 hominium
863 2046 914 2104 tibi
934 2045 1046 2118 iccium,
1069 2050 1098 2104 ot

66 2134 96 2192 in
118 2132 250 2192 omnibns
271 2133 388 2208 perebo.
432 2133 485 2192 Oui
513 2132 643 2194 diabolos
664 2133 823 2207 respondit:
854 2131 887 2191 Si
908 2132 1097 2192 ebrenrmcie·
1139 2199 1144 2204 ,

67 2221 143 2278 ueris
165 2217 328 2292 Altissimo,
349 2221 488 2295 matrique
507 2220 598 2293 iilius,
619 2226 647 2280 te
669 2221 838 2294 suscipiam,
859 2219 944 2278 etde
965 2218 1099 2277 omnibus

67 2304 200 2382 periculis
222 2322 288 2366 cum
308 2305 399 2366 mulin
418 2311 534 2366 tuorum
547 2306 710 2366 contusione
724 2306 901 2365 aemulorum
921 2324 941 2365 a
960 2321 1006 2364 me
1023 2303 1098 2363 libe·

66 2393 184 2452 rebcris.
227 2391 305 2466 Quid
324 2391 427 2467 piure‘t
470 2392 666 2453 Abienuncint
688 2395 774 2452 miser
795 2392 920 2465 Christo,
941 2391 1099 2451 hominium

66 2479 136 2538 iecit
157 2476 280 2552 diabolo,
301 2496 436 2554 prospere
458 2473 584 2540 succedit
605 2482 788 2554 computatio.
831 2478 879 2540 Ab
900 2477 948 2538 ilio
970 2485 1099 2554 tempore

67 2568 163 2640 coepit
194 2565 299 2626 diaboii
329 2569 449 2627 virtutes
481 2565 677 2641 magnificare,
710 2565 854 2626 Christum
885 2565 1098 2641 biesphemere,

66 2651 141 2712 sdco
170 2658 202 2711 ut
230 2651 351 2712 diceret:
387 2652 444 2728 Qui
471 2655 598 2712 serviunt
623 2652 704 2727 Deo,
731 2654 920 2718 miseriment
949 2659 978 2712 et
999 2657 1098 2728 egent3

68 2741 119 2813 qui
138 2745 235 2824 eptem
256 2745 372 2814 sperent
392 2741 422 2798 in
443 2739 574 2814 diabolo,
600 2741 744 2814 prosperis
765 2740 943 2800 successibus
964 2737 1099 2814 gaudent.

67 2825 108 2884 let
133 2827 207 2902 sicqt
234 2825 302 2886 mihi
331 2826 426 2886 retulit
445 2826 607 2886 Bemerdus
635 2826 794 2886 monachus
820 2831 931 2899 noster,
963 2827 1100 2900 quicum

67 2917 138 2972 tune
159 2915 294 2989 temporis
315 2916 403 2987 novit,
422 2915 463 2972 its
483 2920 559 2973 totus
577 2913 689 2973 deditus
711 2919 771 2974 eret
790 2914 900 2972 ortibus
919 2912 1047 2987 mugitis,
1067 2915 1100 2969 ut

68 3001 93 3060 si
115 2997 239 3073 aliquem
259 3005 358 3058 nosset
371 2999 529 3060 scholarem
551 3000 677 3060 eiusdem
696 2999 868 3075 disciplinae,
888 3001 1011 3058 nummis
1033 3012 1100 3057 cum

67 3083 228 3160 redimeret,
253 3092 285 3144 ut
306 3085 413 3162 aliquid
435 3088 472 3147 ab
493 3087 541 3147 iiio
564 3087 672 3146 discere
693 3092 800 3163 posset.
842 3085 898 3162 Qui
920 3102 985 3144 cunr
1006 3083 1100 3144 unde·

69 3172 126 3232 rim
149 3174 229 3231 annis
248 3174 278 3232 in
299 3172 354 3232 bec
376 3173 553 3249 blasphemie
573 3180 799 3249 perseverasset,
827 3171 930 3231 eccidit
950 3177 983 3229 ut
1006 3173 1115 3247 magi.

69 3264 130 3316 ster
143 3255 273 3318 Oiiverns
285 3259 477 3320 Scholasticus
495 3261 670 3320 coloniensis
690 3262 720 3318 in
737 3260 912 3334 Episcopatu
926 3258 1101 3318 Treiectensi

69 3359 184 3404 erucem
205 3345 390 3420 praediceret.
432 3346 520 3406 Cuius
540 3346 744 3422 praedicationi
767 3345 814 3404 lile
834 3348 865 3403 ire
885 3351 997 3404 tantum
1017 3345 1101 3404 resti·

69 3431 112 3504 tit,
134 3437 166 3490 ut
188 3432 232 3491 dic
254 3432 378 3508 quadem
401 3440 559 3494 commotus
578 3433 712 3493 Oiivcrus
732 3434 838 3493 diceret
860 3434 886 3491 ei
906 3433 934 3490 in
956 3429 1102 3492 audentio

70 3519 158 3576 totius
178 3519 291 3600 populi:
313 3519 391 3580 Teos
411 3520 516 3580 inielix.
558 3521 620 3580 Vos
642 3523 717 3580 enim
739 3519 847 3581 dioboli
866 3537 906 3592 es,
928 3525 956 3578 et
970 3515 1102 3576 diabolus

69 3603 194 3678 loquitur
225 3622 277 3681 per
308 3624 341 3666 os
373 3613 468 3683 tuum,
502 3625 567 3667 cum
599 3613 694 3666 tammr
728 3613 834 3692 statum
862 3608 922 3665 eins
951 3606 1101 3680 ignoraret

71 3689 229 3750 Everuacb
251 3693 360 3752 nulium
380 3695 521 3754 arbitrans
541 3697 649 3772 gratius
671 3695 840 3770 obsequium
862 3709 893 3752 re
914 3707 1000 3767 posse
1016 3703 1101 3764 prse-

72 3785 148 3836 stere
170 3777 284 3838 domnio
306 3797 374 3854 suo,
404 3799 489 3856 quam
519 3789 551 3840 nt
578 3784 722 3840 inimicum
744 3783 804 3840 eius
826 3778 982 3852 occideret,
1010 3775 1101 3834 tribus
