<?xml version="1.0" encoding="UTF-8"?>
<!DOCTYPE html PUBLIC "-//W3C//DTD XHTML 1.0 Transitional//EN"
    "http://www.w3.org/TR/xhtml1/DTD/xhtml1-transitional.dtd">
<html xmlns="http://www.w3.org/1999/xhtml" xml:lang="en" lang="en">
 <head>
  <title>
</title>
<meta http-equiv="Content-Type" content="text/html;charset=utf-8" />
  <meta name='ocr-system' content='tesseract 3.04.00' />
  <meta name='ocr-capabilities' content='ocr_page ocr_carea ocr_par ocr_line ocrx_word'/>
</head>
<body>
  <div class='ocr_page' id='page_1' title='image "./caesariiheister02stragoog_0142.png"; bbox 0 0 2512 4254; ppageno 0'>
   <div class='ocr_carea' id='block_1_1' title="bbox 298 277 1075 376">
    <p class='ocr_par' dir='ltr' id='par_1_1' title="bbox 298 277 1075 376">
     <span class='ocr_line' id='line_1_1' title="bbox 298 277 1075 376; baseline -0.009 -34"><span class='ocrx_word' id='word_1_1' title='bbox 298 278 558 376; x_wconf 76' lang='lat' dir='ltr'>premanere</span> <span class='ocrx_word' id='word_1_2' title='bbox 578 277 814 342; x_wconf 75' lang='lat' dir='ltr'>visroumus.</span> <span class='ocrx_word' id='word_1_3' title='bbox 1016 277 1075 336; x_wconf 78' lang='lat' dir='ltr'>scr</span> 
     </span>
    </p>
   </div>
   <div class='ocr_carea' id='block_1_2' title="bbox 64 416 1165 1438">
    <p class='ocr_par' dir='ltr' id='par_1_2' title="bbox 64 416 1165 1438">
     <span class='ocr_line' id='line_1_2' title="bbox 65 416 1081 497; baseline -0.002 -15"><span class='ocrx_word' id='word_1_4' title='bbox 65 420 189 497; x_wconf 82' lang='lat' dir='ltr'>mbaurli,</span> <span class='ocrx_word' id='word_1_5' title='bbox 215 423 267 482; x_wconf 86' lang='lat' dir='ltr'>ait:</span> <span class='ocrx_word' id='word_1_6' title='bbox 299 420 421 482; x_wconf 86' lang='lat' dir='ltr'>Sanctus</span> <span class='ocrx_word' id='word_1_7' title='bbox 448 419 578 480; x_wconf 87' lang='lat' dir='ltr'>Jacobus</span> <span class='ocrx_word' id='word_1_8' title='bbox 607 418 764 497; x_wconf 70' lang='lat' dir='ltr'><strong>Apostolus</strong></span> <span class='ocrx_word' id='word_1_9' title='bbox 792 419 830 480; x_wconf 86' lang='lat' dir='ltr'>ab</span> <span class='ocrx_word' id='word_1_10' title='bbox 860 433 895 478; x_wconf 88' lang='lat' dir='ltr'>ea</span> <span class='ocrx_word' id='word_1_11' title='bbox 922 416 993 478; x_wconf 91' lang='lat' dir='ltr'>hora</span> <span class='ocrx_word' id='word_1_12' title='bbox 1022 435 1081 495; x_wconf 85' lang='lat' dir='ltr'>qua</span> 
     </span>
     <span class='ocr_line' id='line_1_3' title="bbox 64 506 1165 588; baseline -0.002 -22"><span class='ocrx_word' id='word_1_13' title='bbox 64 509 121 568; x_wconf 91' lang='lat' dir='ltr'>buic</span> <span class='ocrx_word' id='word_1_14' title='bbox 128 507 248 588; x_wconf 87' lang='lat' dir='ltr'>patibulo</span> <span class='ocrx_word' id='word_1_15' title='bbox 259 525 402 586; x_wconf 88' lang='lat' dir='ltr'>appensus</span> <span class='ocrx_word' id='word_1_16' title='bbox 414 525 489 581; x_wconf 88' lang='lat' dir='ltr'>sum,</span> <span class='ocrx_word' id='word_1_17' title='bbox 498 524 591 583; x_wconf 91' lang='lat' dir='ltr'>usque</span> <span class='ocrx_word' id='word_1_18' title='bbox 602 525 678 566; x_wconf 91' lang='lat' dir='ltr'>nunc</span> <span class='ocrx_word' id='word_1_19' title='bbox 691 506 824 565; x_wconf 86' lang='lat' dir='ltr'>manibus</span> <span class='ocrx_word' id='word_1_20' title='bbox 839 507 897 564; x_wconf 90' lang='lat' dir='ltr'>suis</span> <span class='ocrx_word' id='word_1_21' title='bbox 910 507 1081 565; x_wconf 82' lang='lat' dir='ltr'>sustentavit</span> <span class='ocrx_word' id='word_1_22' title='bbox 1162 533 1165 540; x_wconf 93' lang='lat'>·</span> 
     </span>
     <span class='ocr_line' id='line_1_4' title="bbox 65 593 1080 672; baseline -0.002 -18"><span class='ocrx_word' id='word_1_23' title='bbox 65 613 111 655; x_wconf 90' lang='lat' dir='ltr'>me.</span> <span class='ocrx_word' id='word_1_24' title='bbox 146 596 206 656; x_wconf 85' lang='lat' dir='ltr'>Non</span> <span class='ocrx_word' id='word_1_25' title='bbox 227 597 345 670; x_wconf 85' lang='lat' dir='ltr'>esurivi,</span> <span class='ocrx_word' id='word_1_26' title='bbox 366 611 424 654; x_wconf 90' lang='lat' dir='ltr'>non</span> <span class='ocrx_word' id='word_1_27' title='bbox 446 596 534 672; x_wconf 85' lang='lat' dir='ltr'>sitivi,</span> <span class='ocrx_word' id='word_1_28' title='bbox 554 593 625 652; x_wconf 84' lang='lat' dir='ltr'><strong>nihil</strong></span> <span class='ocrx_word' id='word_1_29' title='bbox 646 593 751 655; x_wconf 86' lang='lat' dir='ltr'>doloris</span> <span class='ocrx_word' id='word_1_30' title='bbox 772 594 857 666; x_wconf 83' lang='lat' dir='ltr'>sensi,</span> <span class='ocrx_word' id='word_1_31' title='bbox 877 609 931 652; x_wconf 90' lang='lat' dir='ltr'>nec</span> <span class='ocrx_word' id='word_1_32' title='bbox 952 609 1080 667; x_wconf 84' lang='lat' dir='ltr'>uuquam</span> 
     </span>
     <span class='ocr_line' id='line_1_5' title="bbox 65 678 1080 762; baseline 0.001 -23"><span class='ocrx_word' id='word_1_33' title='bbox 65 681 149 742; x_wconf 89' lang='lat' dir='ltr'>nebus</span> <span class='ocrx_word' id='word_1_34' title='bbox 177 683 244 742; x_wconf 91' lang='lat' dir='ltr'>mibi</span> <span class='ocrx_word' id='word_1_35' title='bbox 259 678 277 762; x_wconf 84' lang='lat'>¹)</span> <span class='ocrx_word' id='word_1_36' title='bbox 305 681 359 740; x_wconf 86' lang='lat' dir='ltr'>fuit</span> <span class='ocrx_word' id='word_1_37' title='bbox 386 683 517 740; x_wconf 91' lang='lat' dir='ltr'>omnibus</span> <span class='ocrx_word' id='word_1_38' title='bbox 545 680 655 741; x_wconf 83' lang='lat' dir='ltr'>diebus&#39;</span> <span class='ocrx_word' id='word_1_39' title='bbox 674 683 751 740; x_wconf 81' lang='lat' dir='ltr'>vitae</span> <span class='ocrx_word' id='word_1_40' title='bbox 779 695 870 739; x_wconf 88' lang='lat' dir='ltr'>meae.</span> <span class='ocrx_word' id='word_1_41' title='bbox 920 678 1080 756; x_wconf 78' lang='lat' dir='ltr'>Statimque</span> 
     </span>
     <span class='ocr_line' id='line_1_6' title="bbox 65 765 1144 845; baseline -0.004 -16"><span class='ocrx_word' id='word_1_42' title='bbox 65 771 151 845; x_wconf 81' lang='lat' dir='ltr'>pariter</span> <span class='ocrx_word' id='word_1_43' title='bbox 176 769 212 828; x_wconf 85' lang='lat' dir='ltr'>ad</span> <span class='ocrx_word' id='word_1_44' title='bbox 239 771 357 829; x_wconf 89' lang='lat' dir='ltr'>beatum</span> <span class='ocrx_word' id='word_1_45' title='bbox 384 774 570 845; x_wconf 82' lang='lat' dir='ltr'><strong>properantes</strong></span> <span class='ocrx_word' id='word_1_46' title='bbox 596 767 794 843; x_wconf 86' lang='lat' dir='ltr'>Apostolum,&#39;</span> <span class='ocrx_word' id='word_1_47' title='bbox 817 765 892 823; x_wconf 87' lang='lat' dir='ltr'>filius</span> <span class='ocrx_word' id='word_1_48' title='bbox 921 771 953 823; x_wconf 93' lang='lat' dir='ltr'>ut</span> <span class='ocrx_word' id='word_1_49' title='bbox 980 772 1081 825; x_wconf 88' lang='lat' dir='ltr'>votum</span> <span class='ocrx_word' id='word_1_50' title='bbox 1142 780 1144 784; x_wconf 84' lang='lat'>·</span> 
     </span>
     <span class='ocr_line' id='line_1_7' title="bbox 65 851 1082 932; baseline -0.004 -18"><span class='ocrx_word' id='word_1_51' title='bbox 65 873 133 914; x_wconf 90' lang='lat' dir='ltr'>suum</span> <span class='ocrx_word' id='word_1_52' title='bbox 152 855 286 930; x_wconf 86' lang='lat' dir='ltr'>solveret,</span> <span class='ocrx_word' id='word_1_53' title='bbox 305 861 388 932; x_wconf 85' lang='lat' dir='ltr'>pater</span> <span class='ocrx_word' id='word_1_54' title='bbox 407 861 441 913; x_wconf 90' lang='lat' dir='ltr'>ut</span> <span class='ocrx_word' id='word_1_55' title='bbox 461 856 567 931; x_wconf 81' lang='lat' dir='ltr'>gratias</span> <span class='ocrx_word' id='word_1_56' title='bbox 587 853 769 929; x_wconf 83' lang='lat' dir='ltr'>rependeret,</span> <span class='ocrx_word' id='word_1_57' title='bbox 797 851 953 910; x_wconf 84' lang='lat' dir='ltr'>incolumes</span> <span class='ocrx_word' id='word_1_58' title='bbox 975 853 1082 913; x_wconf 88' lang='lat' dir='ltr'>reversi</span> 
     </span>
     <span class='ocr_line' id='line_1_8' title="bbox 65 937 1081 1003; baseline -0.001 -4"><span class='ocrx_word' id='word_1_59' title='bbox 65 943 168 1002; x_wconf 85' lang='lat' dir='ltr'>suntin</span> <span class='ocrx_word' id='word_1_60' title='bbox 196 943 342 1003; x_wconf 85' lang='lat' dir='ltr'>civitatem</span> <span class='ocrx_word' id='word_1_61' title='bbox 363 942 583 1002; x_wconf 77' lang='lat' dir='ltr'>Traiectensem.</span> <span class='ocrx_word' id='word_1_62' title='bbox 625 941 664 999; x_wconf 86' lang='lat' dir='ltr'>Et</span> <span class='ocrx_word' id='word_1_63' title='bbox 691 946 736 1000; x_wconf 87' lang='lat' dir='ltr'>est</span> <span class='ocrx_word' id='word_1_64' title='bbox 760 937 836 998; x_wconf 90' lang='lat' dir='ltr'>idem</span> <span class='ocrx_word' id='word_1_65' title='bbox 863 937 1032 1000; x_wconf 82' lang='lat' dir='ltr'><strong>miraculum</strong></span> <span class='ocrx_word' id='word_1_66' title='bbox 1051 941 1081 998; x_wconf 91' lang='lat' dir='ltr'>in</span> 
     </span>
     <span class='ocr_line' id='line_1_9' title="bbox 65 1025 1082 1104; baseline -0.004 -16"><span class='ocrx_word' id='word_1_67' title='bbox 65 1028 149 1089; x_wconf 84' lang='lat' dir='ltr'>erdem</span> <span class='ocrx_word' id='word_1_68' title='bbox 169 1031 291 1104; x_wconf 74' lang='lat' dir='ltr'>deitate,</span> <span class='ocrx_word' id='word_1_69' title='bbox 313 1031 387 1088; x_wconf 88' lang='lat' dir='ltr'>sicut</span> <span class='ocrx_word' id='word_1_70' title='bbox 407 1029 490 1088; x_wconf 86' lang='lat' dir='ltr'>nobis</span> <span class='ocrx_word' id='word_1_71' title='bbox 510 1027 606 1088; x_wconf 91' lang='lat' dir='ltr'>retulit</span> <span class='ocrx_word' id='word_1_72' title='bbox 617 1026 788 1088; x_wconf 89' lang='lat' dir='ltr'>Wilhelmus</span> <span class='ocrx_word' id='word_1_73' title='bbox 809 1025 967 1086; x_wconf 86' lang='lat' dir='ltr'>monachus</span> <span class='ocrx_word' id='word_1_74' title='bbox 977 1031 1082 1101; x_wconf 88' lang='lat' dir='ltr'>noster,</span> 
     </span>
     <span class='ocr_line' id='line_1_10' title="bbox 64 1110 1083 1194; baseline 0 -22"><span class='ocrx_word' id='word_1_75' title='bbox 64 1115 152 1176; x_wconf 86' lang='lat' dir='ltr'>ibidem</span> <span class='ocrx_word' id='word_1_76' title='bbox 178 1118 347 1190; x_wconf 88' lang='lat' dir='ltr'>canonicus,</span> <span class='ocrx_word' id='word_1_77' title='bbox 376 1115 461 1174; x_wconf 86' lang='lat' dir='ltr'>valde</span> <span class='ocrx_word' id='word_1_78' title='bbox 490 1114 602 1175; x_wconf 80' lang='lat' dir='ltr'>celebre</span> <span class='ocrx_word' id='word_1_79' title='bbox 628 1120 715 1190; x_wconf 87' lang='lat' dir='ltr'>atque</span> <span class='ocrx_word' id='word_1_80' title='bbox 735 1115 923 1194; x_wconf 79' lang='lat' dir='ltr'>notissimum.</span> <span class='ocrx_word' id='word_1_81' title='bbox 965 1110 1083 1172; x_wconf 87' lang='lat' dir='ltr'>NOVI-</span> 
     </span>
     <span class='ocr_line' id='line_1_11' title="bbox 65 1197 1081 1278; baseline -0.004 -16"><span class='ocrx_word' id='word_1_82' title='bbox 65 1200 151 1263; x_wconf 68' lang='lat' dir='ltr'>ciuus</span> <span class='ocrx_word' id='word_1_83' title='bbox 180 1202 330 1278; x_wconf 86' lang='lat' dir='ltr'>Stupenda</span> <span class='ocrx_word' id='word_1_84' title='bbox 357 1210 424 1263; x_wconf 88' lang='lat' dir='ltr'>sunt</span> <span class='ocrx_word' id='word_1_85' title='bbox 452 1218 525 1277; x_wconf 85' lang='lat' dir='ltr'>quae</span> <span class='ocrx_word' id='word_1_86' title='bbox 555 1201 633 1261; x_wconf 86' lang='lat' dir='ltr'>dicis.</span> <span class='ocrx_word' id='word_1_87' title='bbox 682 1197 913 1260; x_wconf 83' lang='lat' dir='ltr'>MONACHUS:</span> <span class='ocrx_word' id='word_1_88' title='bbox 948 1199 1081 1259; x_wconf 77' lang='lat' dir='ltr'>Referam</span> 
     </span>
     <span class='ocr_line' id='line_1_12' title="bbox 66 1286 1081 1364; baseline 0.001 -18"><span class='ocrx_word' id='word_1_89' title='bbox 66 1289 106 1347; x_wconf 85' lang='lat' dir='ltr'>tbi</span> <span class='ocrx_word' id='word_1_90' title='bbox 124 1289 196 1350; x_wconf 88' lang='lat' dir='ltr'>ulbrd</span> <span class='ocrx_word' id='word_1_91' title='bbox 216 1288 385 1350; x_wconf 78' lang='lat' dir='ltr'>miraculum</span> <span class='ocrx_word' id='word_1_92' title='bbox 407 1289 442 1348; x_wconf 94' lang='lat' dir='ltr'>de</span> <span class='ocrx_word' id='word_1_93' title='bbox 463 1295 563 1349; x_wconf 88' lang='lat' dir='ltr'>sancto</span> <span class='ocrx_word' id='word_1_94' title='bbox 586 1287 698 1348; x_wconf 84' lang='lat' dir='ltr'>Thomu</span> <span class='ocrx_word' id='word_1_95' title='bbox 719 1286 869 1364; x_wconf 80' lang='lat' dir='ltr'>Apostolo,</span> <span class='ocrx_word' id='word_1_96' title='bbox 890 1303 954 1346; x_wconf 89' lang='lat' dir='ltr'>meo</span> <span class='ocrx_word' id='word_1_97' title='bbox 976 1287 1081 1347; x_wconf 89' lang='lat' dir='ltr'>iudicio</span> 
     </span>
     <span class='ocr_line' id='line_1_13' title="bbox 65 1378 222 1438; baseline 0.019 -6"><span class='ocrx_word' id='word_1_98' title='bbox 65 1378 141 1436; x_wconf 79' lang='lat' dir='ltr'>mlius</span> <span class='ocrx_word' id='word_1_99' title='bbox 159 1378 222 1438; x_wconf 83' lang='lat' dir='ltr'>isto.</span> 
     </span>
    </p>
   </div>
   <div class='ocr_carea' id='block_1_3' title="bbox 400 1563 730 1627">
    <p class='ocr_par' dir='ltr' id='par_1_3' title="bbox 400 1563 730 1627">
     <span class='ocr_line' id='line_1_14' title="bbox 400 1563 730 1627; baseline -0.003 -1"><span class='ocrx_word' id='word_1_100' title='bbox 400 1565 632 1627; x_wconf 81' lang='lat' dir='ltr'><strong>CAPITULUM</strong></span> <span class='ocrx_word' id='word_1_101' title='bbox 648 1563 730 1625; x_wconf 84' lang='lat' dir='ltr'>LIX.</span> 
     </span>
    </p>
   </div>
   <div class='ocr_carea' id='block_1_4' title="bbox 65 1687 1083 1836">
    <p class='ocr_par' dir='ltr' id='par_1_4' title="bbox 65 1687 1083 1836">
     <span class='ocr_line' id='line_1_15' title="bbox 65 1687 1083 1764; baseline 0.001 -19"><span class='ocrx_word' id='word_1_102' title='bbox 65 1687 104 1745; x_wconf 73' lang='lat' dir='ltr'>Dr</span> <span class='ocrx_word' id='word_1_103' title='bbox 116 1687 243 1748; x_wconf 80' lang='lat' dir='ltr'>Gerurdo</span> <span class='ocrx_word' id='word_1_104' title='bbox 264 1690 355 1748; x_wconf 79' lang='lat' dir='ltr'>milito</span> <span class='ocrx_word' id='word_1_105' title='bbox 376 1707 463 1764; x_wconf 80' lang='lat' dir='ltr'>quem</span> <span class='ocrx_word' id='word_1_106' title='bbox 484 1688 619 1748; x_wconf 82' lang='lat' dir='ltr'>diabolus</span> <span class='ocrx_word' id='word_1_107' title='bbox 641 1689 676 1754; x_wconf 79' lang='lat' dir='ltr'>dc</span> <span class='ocrx_word' id='word_1_108' title='bbox 699 1688 815 1747; x_wconf 82' lang='lat' dir='ltr'>ccclesia</span> <span class='ocrx_word' id='word_1_109' title='bbox 836 1691 930 1747; x_wconf 80' lang='lat' dir='ltr'>sancit</span> <span class='ocrx_word' id='word_1_110' title='bbox 954 1689 1083 1746; x_wconf 72' lang='grc' dir='ltr'>Τὴοιιιαε</span> 
     </span>
     <span class='ocr_line' id='line_1_16' title="bbox 146 1776 983 1836; baseline -0.002 0"><span class='ocrx_word' id='word_1_111' title='bbox 146 1777 285 1836; x_wconf 72' lang='lat' dir='ltr'>inludia</span> <span class='ocrx_word' id='word_1_112' title='bbox 306 1778 338 1834; x_wconf 80' lang='lat' dir='ltr'>in</span> <span class='ocrx_word' id='word_1_113' title='bbox 359 1783 505 1836; x_wconf 85' lang='lat' dir='ltr'>momento</span> <span class='ocrx_word' id='word_1_114' title='bbox 528 1776 680 1834; x_wconf 79' lang='lat' dir='ltr'>transtulit</span> <span class='ocrx_word' id='word_1_115' title='bbox 701 1779 734 1834; x_wconf 83' lang='lat' dir='ltr'>in</span> <span class='ocrx_word' id='word_1_116' title='bbox 757 1783 867 1834; x_wconf 82' lang='lat' dir='ltr'>terram</span> <span class='ocrx_word' id='word_1_117' title='bbox 888 1792 983 1834; x_wconf 77' lang='lat' dir='ltr'>suoru</span> 
     </span>
    </p>
   </div>
   <div class='ocr_carea' id='block_1_5' title="bbox 67 1895 1159 3712">
    <p class='ocr_par' dir='ltr' id='par_1_5' title="bbox 67 1895 1159 3712">
     <span class='ocr_line' id='line_1_17' title="bbox 119 1895 1085 1974; baseline 0.004 -18"><span class='ocrx_word' id='word_1_118' title='bbox 119 1895 150 1956; x_wconf 90' lang='lat' dir='ltr'>In</span> <span class='ocrx_word' id='word_1_119' title='bbox 175 1898 243 1959; x_wconf 84' lang='lat' dir='ltr'>villa</span> <span class='ocrx_word' id='word_1_120' title='bbox 270 1915 344 1974; x_wconf 87' lang='lat' dir='ltr'>qnae</span> <span class='ocrx_word' id='word_1_121' title='bbox 366 1897 467 1958; x_wconf 88' lang='lat' dir='ltr'>dicitur</span> <span class='ocrx_word' id='word_1_122' title='bbox 487 1895 672 1973; x_wconf 86' lang='lat' dir='ltr'>Holenbacb,</span> <span class='ocrx_word' id='word_1_123' title='bbox 704 1895 785 1956; x_wconf 90' lang='lat' dir='ltr'>miles</span> <span class='ocrx_word' id='word_1_124' title='bbox 807 1897 922 1973; x_wconf 90' lang='lat' dir='ltr'>quidam</span> <span class='ocrx_word' id='word_1_125' title='bbox 943 1898 1085 1960; x_wconf 87' lang='lat' dir='ltr'>habitavit</span> 
     </span>
     <span class='ocr_line' id='line_1_18' title="bbox 67 1983 1084 2062; baseline 0.004 -23"><span class='ocrx_word' id='word_1_126' title='bbox 67 1983 164 2044; x_wconf 88' lang='lat' dir='ltr'>nornine</span> <span class='ocrx_word' id='word_1_127' title='bbox 177 1983 331 2045; x_wconf 86' lang='lat' dir='ltr'>Gerardus.</span> <span class='ocrx_word' id='word_1_128' title='bbox 361 1985 456 2043; x_wconf 89' lang='lat' dir='ltr'>Huius</span> <span class='ocrx_word' id='word_1_129' title='bbox 477 1990 596 2060; x_wconf 85' lang='lat' dir='ltr'>nepotes</span> <span class='ocrx_word' id='word_1_130' title='bbox 617 1983 712 2044; x_wconf 89' lang='lat' dir='ltr'>adbuc</span> <span class='ocrx_word' id='word_1_131' title='bbox 733 1986 841 2060; x_wconf 84' lang='lat' dir='ltr'>vivunt,</span> <span class='ocrx_word' id='word_1_132' title='bbox 863 1991 891 2044; x_wconf 92' lang='lat' dir='ltr'>et</span> <span class='ocrx_word' id='word_1_133' title='bbox 913 1987 960 2045; x_wconf 80' lang='lat' dir='ltr'>vin</span> <span class='ocrx_word' id='word_1_134' title='bbox 981 1986 1084 2062; x_wconf 83' lang='lat' dir='ltr'>aliquis</span> 
     </span>
     <span class='ocr_line' id='line_1_19' title="bbox 68 2069 1083 2149; baseline 0.007 -23"><span class='ocrx_word' id='word_1_135' title='bbox 68 2069 91 2125; x_wconf 89' lang='lat' dir='ltr'>in</span> <span class='ocrx_word' id='word_1_136' title='bbox 114 2070 205 2131; x_wconf 87' lang='lat' dir='ltr'>cadem</span> <span class='ocrx_word' id='word_1_137' title='bbox 225 2074 364 2148; x_wconf 92' lang='lat' dir='ltr'>reperitur</span> <span class='ocrx_word' id='word_1_138' title='bbox 384 2071 452 2131; x_wconf 88' lang='lat' dir='ltr'>villa</span> <span class='ocrx_word' id='word_1_139' title='bbox 474 2087 560 2147; x_wconf 84' lang='lat' dir='ltr'>quem</span> <span class='ocrx_word' id='word_1_140' title='bbox 580 2070 668 2130; x_wconf 84' lang='lat' dir='ltr'>lateat</span> <span class='ocrx_word' id='word_1_141' title='bbox 688 2071 856 2131; x_wconf 81' lang='lat' dir='ltr'>miraculum</span> <span class='ocrx_word' id='word_1_142' title='bbox 879 2072 956 2149; x_wconf 90' lang='lat' dir='ltr'>quod</span> <span class='ocrx_word' id='word_1_143' title='bbox 978 2073 1021 2132; x_wconf 90' lang='lat' dir='ltr'>de</span> <span class='ocrx_word' id='word_1_144' title='bbox 1034 2073 1083 2133; x_wconf 89' lang='lat' dir='ltr'>illo</span> 
     </span>
     <span class='ocr_line' id='line_1_20' title="bbox 69 2153 1083 2239; baseline 0.008 -27"><span class='ocrx_word' id='word_1_145' title='bbox 69 2153 174 2218; x_wconf 79' lang='lat' dir='ltr'>bemus</span> <span class='ocrx_word' id='word_1_146' title='bbox 209 2177 281 2218; x_wconf 90' lang='lat' dir='ltr'>sum.</span> <span class='ocrx_word' id='word_1_147' title='bbox 323 2158 380 2218; x_wconf 90' lang='lat' dir='ltr'>Hic</span> <span class='ocrx_word' id='word_1_148' title='bbox 408 2164 538 2218; x_wconf 87' lang='lat' dir='ltr'>sanctum</span> <span class='ocrx_word' id='word_1_149' title='bbox 559 2157 701 2217; x_wconf 86' lang='lat' dir='ltr'>Thomam</span> <span class='ocrx_word' id='word_1_150' title='bbox 723 2157 895 2234; x_wconf 90' lang='lat' dir='ltr'>Apostolum</span> <span class='ocrx_word' id='word_1_151' title='bbox 904 2156 924 2239; x_wconf 81' lang='lat'>²)</span> <span class='ocrx_word' id='word_1_152' title='bbox 953 2167 1014 2219; x_wconf 80' lang='lat' dir='ltr'>tam</span> <span class='ocrx_word' id='word_1_153' title='bbox 1034 2179 1083 2220; x_wconf 86' lang='lat' dir='ltr'>ar-</span> 
     </span>
     <span class='ocr_line' id='line_1_21' title="bbox 69 2239 1083 2323; baseline 0.007 -24"><span class='ocrx_word' id='word_1_154' title='bbox 69 2239 304 2322; x_wconf 69' lang='lat' dir='ltr'>denterdiligebat,</span> <span class='ocrx_word' id='word_1_155' title='bbox 325 2252 384 2305; x_wconf 89' lang='lat' dir='ltr'>tam</span> <span class='ocrx_word' id='word_1_156' title='bbox 401 2245 565 2321; x_wconf 79' lang='lat' dir='ltr'>specialiter.</span> <span class='ocrx_word' id='word_1_157' title='bbox 581 2261 651 2320; x_wconf 89' lang='lat' dir='ltr'>pree</span> <span class='ocrx_word' id='word_1_158' title='bbox 673 2247 772 2305; x_wconf 89' lang='lat' dir='ltr'>ceteris</span> <span class='ocrx_word' id='word_1_159' title='bbox 793 2248 899 2305; x_wconf 86' lang='lat' dir='ltr'>sanctis</span> <span class='ocrx_word' id='word_1_160' title='bbox 915 2247 1083 2323; x_wconf 82' lang='lat' dir='ltr'>honorabat,</span> 
     </span>
     <span class='ocr_line' id='line_1_22' title="bbox 69 2329 1159 2410; baseline 0.009 -27"><span class='ocrx_word' id='word_1_161' title='bbox 69 2333 95 2384; x_wconf 91' lang='lat' dir='ltr'>ut</span> <span class='ocrx_word' id='word_1_162' title='bbox 111 2329 173 2390; x_wconf 89' lang='lat' dir='ltr'>nulli</span> <span class='ocrx_word' id='word_1_163' title='bbox 191 2334 309 2408; x_wconf 85' lang='lat' dir='ltr'>pauperi</span> <span class='ocrx_word' id='word_1_164' title='bbox 329 2334 358 2390; x_wconf 91' lang='lat' dir='ltr'>in</span> <span class='ocrx_word' id='word_1_165' title='bbox 378 2332 453 2391; x_wconf 87' lang='lat' dir='ltr'>illius</span> <span class='ocrx_word' id='word_1_166' title='bbox 473 2334 588 2391; x_wconf 91' lang='lat' dir='ltr'>nomine</span> <span class='ocrx_word' id='word_1_167' title='bbox 608 2335 717 2408; x_wconf 90' lang='lat' dir='ltr'>petenti</span> <span class='ocrx_word' id='word_1_168' title='bbox 732 2333 943 2409; x_wconf 86' lang='lat' dir='ltr'>eleemosynam</span> <span class='ocrx_word' id='word_1_169' title='bbox 956 2340 1083 2410; x_wconf 83' lang='lat' dir='ltr'>negaret.</span> <span class='ocrx_word' id='word_1_170' title='bbox 1154 2383 1159 2393; x_wconf 86' lang='lat'>.</span> 
     </span>
     <span class='ocr_line' id='line_1_23' title="bbox 70 2409 1084 2498; baseline 0.01 -28"><span class='ocrx_word' id='word_1_171' title='bbox 70 2411 148 2477; x_wconf 83' lang='lat' dir='ltr'>Multa</span> <span class='ocrx_word' id='word_1_172' title='bbox 166 2409 312 2494; x_wconf 74' lang='lat' dir='ltr'>prdeterca</span> <span class='ocrx_word' id='word_1_173' title='bbox 333 2415 608 2498; x_wconf 66' lang='lat' dir='ltr'>privatabserviria,</span> <span class='ocrx_word' id='word_1_174' title='bbox 625 2425 658 2478; x_wconf 91' lang='lat' dir='ltr'>ut</span> <span class='ocrx_word' id='word_1_175' title='bbox 670 2425 737 2478; x_wconf 86' lang='lat' dir='ltr'>sunt</span> <span class='ocrx_word' id='word_1_176' title='bbox 758 2421 908 2494; x_wconf 89' lang='lat' dir='ltr'>orationes,</span> <span class='ocrx_word' id='word_1_177' title='bbox 929 2421 1033 2479; x_wconf 87' lang='lat' dir='ltr'>ieiunia</span> <span class='ocrx_word' id='word_1_178' title='bbox 1055 2427 1084 2481; x_wconf 92' lang='lat' dir='ltr'>et</span> 
     </span>
     <span class='ocr_line' id='line_1_24' title="bbox 69 2501 1083 2584; baseline 0.004 -20"><span class='ocrx_word' id='word_1_179' title='bbox 69 2501 198 2564; x_wconf 77' lang='lat' dir='ltr'>missenum</span> <span class='ocrx_word' id='word_1_180' title='bbox 216 2504 429 2582; x_wconf 87' lang='lat' dir='ltr'>celebrationes,</span> <span class='ocrx_word' id='word_1_181' title='bbox 448 2506 489 2565; x_wconf 91' lang='lat' dir='ltr'>illi</span> <span class='ocrx_word' id='word_1_182' title='bbox 502 2505 665 2581; x_wconf 85' lang='lat' dir='ltr'>impendere</span> <span class='ocrx_word' id='word_1_183' title='bbox 683 2508 838 2566; x_wconf 82' lang='lat' dir='ltr'>consuevit.</span> <span class='ocrx_word' id='word_1_184' title='bbox 880 2505 936 2566; x_wconf 90' lang='lat' dir='ltr'>Die</span> <span class='ocrx_word' id='word_1_185' title='bbox 959 2506 1083 2584; x_wconf 86' lang='lat' dir='ltr'>quadem</span> 
     </span>
     <span class='ocr_line' id='line_1_25' title="bbox 68 2583 1084 2668; baseline 0.011 -24"><span class='ocrx_word' id='word_1_186' title='bbox 68 2583 121 2648; x_wconf 90' lang='lat' dir='ltr'>Deo</span> <span class='ocrx_word' id='word_1_187' title='bbox 152 2594 328 2668; x_wconf 89' lang='lat' dir='ltr'>permittente</span> <span class='ocrx_word' id='word_1_188' title='bbox 362 2594 489 2652; x_wconf 91' lang='lat' dir='ltr'>omnium</span> <span class='ocrx_word' id='word_1_189' title='bbox 520 2594 660 2652; x_wconf 91' lang='lat' dir='ltr'>bonorum</span> <span class='ocrx_word' id='word_1_190' title='bbox 690 2595 820 2653; x_wconf 90' lang='lat' dir='ltr'>inimicus</span> <span class='ocrx_word' id='word_1_191' title='bbox 852 2592 981 2654; x_wconf 86' lang='lat' dir='ltr'>diabolus</span> <span class='ocrx_word' id='word_1_192' title='bbox 1016 2602 1084 2655; x_wconf 86' lang='lat' dir='ltr'>ante</span> 
     </span>
     <span class='ocr_line' id='line_1_26' title="bbox 70 2677 1084 2758; baseline 0.008 -25"><span class='ocrx_word' id='word_1_193' title='bbox 70 2677 157 2736; x_wconf 77' lang='lat' dir='ltr'>esbum</span> <span class='ocrx_word' id='word_1_194' title='bbox 175 2679 270 2738; x_wconf 90' lang='lat' dir='ltr'>militis</span> <span class='ocrx_word' id='word_1_195' title='bbox 285 2679 424 2755; x_wconf 89' lang='lat' dir='ltr'>pulsans,</span> <span class='ocrx_word' id='word_1_196' title='bbox 444 2680 498 2738; x_wconf 90' lang='lat' dir='ltr'>sub</span> <span class='ocrx_word' id='word_1_197' title='bbox 520 2679 619 2752; x_wconf 40' lang='lat' dir='ltr'>forma,</span> <span class='ocrx_word' id='word_1_198' title='bbox 633 2685 662 2738; x_wconf 87' lang='lat' dir='ltr'>et</span> <span class='ocrx_word' id='word_1_199' title='bbox 682 2679 783 2740; x_wconf 83' lang='lat' dir='ltr'>habitu</span> <span class='ocrx_word' id='word_1_200' title='bbox 803 2682 957 2758; x_wconf 82' lang='lat' dir='ltr'>peregrini,</span> <span class='ocrx_word' id='word_1_201' title='bbox 977 2682 1007 2738; x_wconf 88' lang='lat' dir='ltr'>in</span> <span class='ocrx_word' id='word_1_202' title='bbox 1027 2697 1084 2741; x_wconf 89' lang='lat' dir='ltr'>uo-</span> 
     </span>
     <span class='ocr_line' id='line_1_27' title="bbox 69 2763 1084 2846; baseline 0.006 -26"><span class='ocrx_word' id='word_1_203' title='bbox 69 2763 131 2822; x_wconf 87' lang='lat' dir='ltr'>nbro</span> <span class='ocrx_word' id='word_1_204' title='bbox 158 2768 246 2826; x_wconf 82' lang='lat' dir='ltr'>suncti</span> <span class='ocrx_word' id='word_1_205' title='bbox 265 2766 395 2826; x_wconf 83' lang='lat' dir='ltr'>Tbomae</span> <span class='ocrx_word' id='word_1_206' title='bbox 415 2766 570 2842; x_wconf 80' lang='lat' dir='ltr'>hospitium</span> <span class='ocrx_word' id='word_1_207' title='bbox 590 2767 699 2842; x_wconf 87' lang='lat' dir='ltr'>petivit.</span> <span class='ocrx_word' id='word_1_208' title='bbox 729 2766 808 2846; x_wconf 81' lang='lat' dir='ltr'>¹Quo</span> <span class='ocrx_word' id='word_1_209' title='bbox 829 2767 883 2826; x_wconf 93' lang='lat' dir='ltr'>sub</span> <span class='ocrx_word' id='word_1_210' title='bbox 906 2769 983 2826; x_wconf 91' lang='lat' dir='ltr'>omui</span> <span class='ocrx_word' id='word_1_211' title='bbox 1002 2765 1084 2844; x_wconf 67' lang='lat' dir='ltr'>iesti-</span> 
     </span>
     <span class='ocr_line' id='line_1_28' title="bbox 70 2849 1083 2930; baseline 0.006 -22"><span class='ocrx_word' id='word_1_212' title='bbox 70 2849 166 2911; x_wconf 81' lang='lat' dir='ltr'>urtone</span> <span class='ocrx_word' id='word_1_213' title='bbox 184 2855 353 2928; x_wconf 87' lang='lat' dir='ltr'>intromisso,</span> <span class='ocrx_word' id='word_1_214' title='bbox 375 2870 440 2913; x_wconf 95' lang='lat' dir='ltr'>cum</span> <span class='ocrx_word' id='word_1_215' title='bbox 463 2860 539 2913; x_wconf 89' lang='lat' dir='ltr'>esset</span> <span class='ocrx_word' id='word_1_216' title='bbox 559 2853 655 2929; x_wconf 81' lang='lat' dir='ltr'>frigus,</span> <span class='ocrx_word' id='word_1_217' title='bbox 677 2859 706 2914; x_wconf 92' lang='lat' dir='ltr'>et</span> <span class='ocrx_word' id='word_1_218' title='bbox 725 2851 773 2912; x_wconf 88' lang='lat' dir='ltr'>ille</span> <span class='ocrx_word' id='word_1_219' title='bbox 794 2870 825 2913; x_wconf 89' lang='lat' dir='ltr'>se</span> <span class='ocrx_word' id='word_1_220' title='bbox 847 2854 942 2930; x_wconf 81' lang='lat' dir='ltr'>algere</span> <span class='ocrx_word' id='word_1_221' title='bbox 964 2853 1083 2914; x_wconf 87' lang='lat' dir='ltr'>simula·</span> 
     </span>
     <span class='ocr_line' id='line_1_29' title="bbox 70 2937 1084 3020; baseline 0.009 -28"><span class='ocrx_word' id='word_1_222' title='bbox 70 2941 116 3008; x_wconf 89' lang='lat' dir='ltr'>ret,</span> <span class='ocrx_word' id='word_1_223' title='bbox 141 2937 280 3000; x_wconf 81' lang='lat' dir='ltr'>Gerardua</span> <span class='ocrx_word' id='word_1_224' title='bbox 302 2957 423 3017; x_wconf 89' lang='lat' dir='ltr'>cappam</span> <span class='ocrx_word' id='word_1_225' title='bbox 444 2957 528 2999; x_wconf 89' lang='lat' dir='ltr'>suam</span> <span class='ocrx_word' id='word_1_226' title='bbox 548 2937 713 3020; x_wconf 70' lang='lat' dir='ltr'>surranum)</span> <span class='ocrx_word' id='word_1_227' title='bbox 735 2940 841 3000; x_wconf 88' lang='lat' dir='ltr'>bonum</span> <span class='ocrx_word' id='word_1_228' title='bbox 862 2942 944 3013; x_wconf 89' lang='lat' dir='ltr'>satis,</span> <span class='ocrx_word' id='word_1_229' title='bbox 974 2955 1032 3015; x_wconf 87' lang='lat' dir='ltr'>qua</span> <span class='ocrx_word' id='word_1_230' title='bbox 1052 2959 1084 3001; x_wconf 86' lang='lat' dir='ltr'>se</span> 
     </span>
     <span class='ocr_line' id='line_1_30' title="bbox 71 3025 1084 3104; baseline 0.003 -21"><span class='ocrx_word' id='word_1_231' title='bbox 71 3025 230 3098; x_wconf 73' lang='lat' dir='ltr'>tegurium</span> <span class='ocrx_word' id='word_1_232' title='bbox 252 3027 388 3103; x_wconf 88' lang='lat' dir='ltr'>cubitum,</span> <span class='ocrx_word' id='word_1_233' title='bbox 409 3029 571 3086; x_wconf 80' lang='lat' dir='ltr'>transmisit.</span> <span class='ocrx_word' id='word_1_234' title='bbox 613 3025 702 3086; x_wconf 88' lang='lat' dir='ltr'>Mane</span> <span class='ocrx_word' id='word_1_235' title='bbox 722 3043 792 3087; x_wconf 84' lang='lat' dir='ltr'>vero</span> <span class='ocrx_word' id='word_1_236' title='bbox 814 3043 880 3086; x_wconf 91' lang='lat' dir='ltr'>cum</span> <span class='ocrx_word' id='word_1_237' title='bbox 901 3027 925 3085; x_wconf 91' lang='lat' dir='ltr'>is</span> <span class='ocrx_word' id='word_1_238' title='bbox 948 3030 996 3104; x_wconf 90' lang='lat' dir='ltr'>qui</span> <span class='ocrx_word' id='word_1_239' title='bbox 1016 3045 1084 3104; x_wconf 88' lang='lat' dir='ltr'>per-</span> 
     </span>
     <span class='ocr_line' id='line_1_31' title="bbox 70 3110 1085 3190; baseline 0.002 -16"><span class='ocrx_word' id='word_1_240' title='bbox 70 3110 165 3182; x_wconf 79' lang='lat' dir='ltr'>cgrium</span> <span class='ocrx_word' id='word_1_241' title='bbox 195 3113 360 3187; x_wconf 81' lang='lat' dir='ltr'>videbatur,</span> <span class='ocrx_word' id='word_1_242' title='bbox 398 3130 457 3173; x_wconf 90' lang='lat' dir='ltr'>non</span> <span class='ocrx_word' id='word_1_243' title='bbox 488 3119 652 3189; x_wconf 86' lang='lat' dir='ltr'>appareret,</span> <span class='ocrx_word' id='word_1_244' title='bbox 691 3121 720 3174; x_wconf 89' lang='lat' dir='ltr'>et</span> <span class='ocrx_word' id='word_1_245' title='bbox 749 3131 841 3190; x_wconf 88' lang='lat' dir='ltr'>cuppa</span> <span class='ocrx_word' id='word_1_246' title='bbox 870 3117 1000 3189; x_wconf 85' lang='lat' dir='ltr'>quaesita</span> <span class='ocrx_word' id='word_1_247' title='bbox 1026 3133 1085 3176; x_wconf 89' lang='lat' dir='ltr'>non</span> 
     </span>
     <span class='ocr_line' id='line_1_32' title="bbox 71 3190 1079 3277; baseline 0.008 -23"><span class='ocrx_word' id='word_1_248' title='bbox 71 3190 154 3257; x_wconf 80' lang='lat' dir='ltr'>biset</span> <span class='ocrx_word' id='word_1_249' title='bbox 178 3201 325 3275; x_wconf 85' lang='lat' dir='ltr'>iurcuta‚.</span> <span class='ocrx_word' id='word_1_250' title='bbox 347 3216 419 3259; x_wconf 85' lang='lat' dir='ltr'>uxor</span> <span class='ocrx_word' id='word_1_251' title='bbox 456 3203 558 3260; x_wconf 90' lang='lat' dir='ltr'>marito</span> <span class='ocrx_word' id='word_1_252' title='bbox 592 3202 665 3259; x_wconf 85' lang='lat' dir='ltr'>irata</span> <span class='ocrx_word' id='word_1_253' title='bbox 694 3202 749 3260; x_wconf 86' lang='lat' dir='ltr'>ait:</span> <span class='ocrx_word' id='word_1_254' title='bbox 786 3199 880 3277; x_wconf 82' lang='lat' dir='ltr'>Saepe</span> <span class='ocrx_word' id='word_1_255' title='bbox 909 3202 946 3260; x_wconf 87' lang='lat' dir='ltr'>ab</span> <span class='ocrx_word' id='word_1_256' title='bbox 977 3201 1079 3262; x_wconf 88' lang='lat' dir='ltr'>huius·</span> 
     </span>
     <span class='ocr_line' id='line_1_33' title="bbox 71 3280 1085 3362; baseline 0.007 -21"><span class='ocrx_word' id='word_1_257' title='bbox 71 3280 134 3340; x_wconf 84' lang='lat' dir='ltr'>uod</span> <span class='ocrx_word' id='word_1_258' title='bbox 151 3289 265 3346; x_wconf 73' lang='lat' dir='ltr'>butarris</span> <span class='ocrx_word' id='word_1_259' title='bbox 285 3286 488 3362; x_wconf 74' lang='lat' dir='ltr'>illumiaatio,</span> <span class='ocrx_word' id='word_1_260' title='bbox 510 3293 539 3346; x_wconf 91' lang='lat' dir='ltr'>et</span> <span class='ocrx_word' id='word_1_261' title='bbox 560 3285 655 3347; x_wconf 89' lang='lat' dir='ltr'>adbuc</span> <span class='ocrx_word' id='word_1_262' title='bbox 678 3304 696 3346; x_wconf 86' lang='lat' dir='ltr'>a</span> <span class='ocrx_word' id='word_1_263' title='bbox 716 3289 961 3362; x_wconf 87' lang='lat' dir='ltr'>superstitionibus</span> <span class='ocrx_word' id='word_1_264' title='bbox 983 3291 1085 3350; x_wconf 84' lang='lat' dir='ltr'>vestris</span> 
     </span>
     <span class='ocr_line' id='line_1_34' title="bbox 71 3373 1085 3450; baseline 0.015 -30"><span class='ocrx_word' id='word_1_265' title='bbox 71 3376 246 3434; x_wconf 74' lang='lat' dir='ltr'>noncmsutis.</span> <span class='ocrx_word' id='word_1_266' title='bbox 289 3373 342 3432; x_wconf 79' lang='lat' dir='ltr'>Cui</span> <span class='ocrx_word' id='word_1_267' title='bbox 355 3373 402 3433; x_wconf 93' lang='lat' dir='ltr'>ille</span> <span class='ocrx_word' id='word_1_268' title='bbox 416 3373 568 3449; x_wconf 85' lang='lat' dir='ltr'>tranquillo</span> <span class='ocrx_word' id='word_1_269' title='bbox 590 3374 861 3450; x_wconf 84' lang='lat' dir='ltr'>unimorespoudit:</span> <span class='ocrx_word' id='word_1_270' title='bbox 881 3374 947 3434; x_wconf 89' lang='lat' dir='ltr'>Noli</span> <span class='ocrx_word' id='word_1_271' title='bbox 968 3376 1085 3448; x_wconf 83' lang='lat' dir='ltr'>turbari,</span> 
     </span>
     <span class='ocr_line' id='line_1_35' title="bbox 72 3449 1086 3537; baseline 0.007 -26"><span class='ocrx_word' id='word_1_272' title='bbox 72 3449 132 3514; x_wconf 88' lang='lat' dir='ltr'>bene</span> <span class='ocrx_word' id='word_1_273' title='bbox 145 3463 267 3520; x_wconf 85' lang='lat' dir='ltr'>restituet</span> <span class='ocrx_word' id='word_1_274' title='bbox 286 3461 369 3520; x_wconf 88' lang='lat' dir='ltr'>nobis</span> <span class='ocrx_word' id='word_1_275' title='bbox 389 3461 447 3520; x_wconf 92' lang='lat' dir='ltr'>hoc</span> <span class='ocrx_word' id='word_1_276' title='bbox 468 3460 604 3520; x_wconf 86' lang='lat' dir='ltr'>damnum</span> <span class='ocrx_word' id='word_1_277' title='bbox 626 3466 742 3520; x_wconf 88' lang='lat' dir='ltr'>sanctus</span> <span class='ocrx_word' id='word_1_278' title='bbox 761 3461 896 3520; x_wconf 83' lang='lat' dir='ltr'>Thomas.</span> <span class='ocrx_word' id='word_1_279' title='bbox 924 3461 1005 3522; x_wconf 88' lang='lat' dir='ltr'>Haec</span> <span class='ocrx_word' id='word_1_280' title='bbox 1028 3461 1086 3537; x_wconf 87' lang='lat' dir='ltr'>egit</span> 
     </span>
     <span class='ocr_line' id='line_1_36' title="bbox 72 3535 1084 3625; baseline 0.007 -25"><span class='ocrx_word' id='word_1_281' title='bbox 72 3535 183 3606; x_wconf 82' lang='lat' dir='ltr'>diabolus</span> <span class='ocrx_word' id='word_1_282' title='bbox 195 3554 227 3606; x_wconf 89' lang='lat' dir='ltr'>ut</span> <span class='ocrx_word' id='word_1_283' title='bbox 239 3548 357 3608; x_wconf 87' lang='lat' dir='ltr'>militem</span> <span class='ocrx_word' id='word_1_284' title='bbox 377 3565 429 3624; x_wconf 88' lang='lat' dir='ltr'>per</span> <span class='ocrx_word' id='word_1_285' title='bbox 450 3547 586 3608; x_wconf 88' lang='lat' dir='ltr'>damnum</span> <span class='ocrx_word' id='word_1_286' title='bbox 607 3565 718 3625; x_wconf 86' lang='lat' dir='ltr'>cappae</span> <span class='ocrx_word' id='word_1_287' title='bbox 738 3547 776 3608; x_wconf 89' lang='lat' dir='ltr'>ad</span> <span class='ocrx_word' id='word_1_288' title='bbox 789 3551 994 3624; x_wconf 86' lang='lat' dir='ltr'>impatientiam</span> <span class='ocrx_word' id='word_1_289' title='bbox 1014 3564 1084 3622; x_wconf 92' lang='lat' dir='ltr'>pro·</span> 
     </span>
     <span class='ocr_line' id='line_1_37' title="bbox 72 3633 1084 3712; baseline 0.002 -24"><span class='ocrx_word' id='word_1_290' title='bbox 72 3638 184 3710; x_wconf 78' lang='lat' dir='ltr'>rouro,</span> <span class='ocrx_word' id='word_1_291' title='bbox 214 3641 242 3696; x_wconf 89' lang='lat' dir='ltr'>et</span> <span class='ocrx_word' id='word_1_292' title='bbox 268 3633 401 3712; x_wconf 86' lang='lat' dir='ltr'>Apostoli</span> <span class='ocrx_word' id='word_1_293' title='bbox 433 3634 613 3696; x_wconf 88' lang='lat' dir='ltr'>dilectionem</span> <span class='ocrx_word' id='word_1_294' title='bbox 640 3637 670 3696; x_wconf 89' lang='lat' dir='ltr'>in</span> <span class='ocrx_word' id='word_1_295' title='bbox 699 3637 759 3696; x_wconf 86' lang='lat' dir='ltr'>eius</span> <span class='ocrx_word' id='word_1_296' title='bbox 788 3633 873 3698; x_wconf 90' lang='lat' dir='ltr'>corde</span> <span class='ocrx_word' id='word_1_297' title='bbox 902 3636 1084 3712; x_wconf 83' lang='lat' dir='ltr'>extingueret.</span> 
     </span>
    </p>
   </div>
   <div class='ocr_carea' id='block_1_6' title="bbox 88 3761 1084 3926">
    <p class='ocr_par' dir='ltr' id='par_1_6' title="bbox 88 3761 1084 3926">
     <span class='ocr_line' id='line_1_38' title="bbox 88 3761 1084 3926; baseline -0.007 -71"><span class='ocrx_word' id='word_1_298' title='bbox 88 3791 114 3862; x_wconf 79' lang='lat'>1)</span> <span class='ocrx_word' id='word_1_299' title='bbox 128 3793 167 3850; x_wconf 80' lang='lat' dir='ltr'>Bc</span> <span class='ocrx_word' id='word_1_300' title='bbox 188 3802 261 3856; x_wconf 74' lang='lat' dir='ltr'>brus</span> <span class='ocrx_word' id='word_1_301' title='bbox 289 3803 412 3856; x_wconf 68' lang='lat' dir='ltr'>merrus.</span> <span class='ocrx_word' id='word_1_302' title='bbox 438 3833 468 3844; x_wconf 89' lang='lat'><em>-</em></span> <span class='ocrx_word' id='word_1_303' title='bbox 494 3803 526 3872; x_wconf 71' lang='grc' dir='ltr'>ι)</span> <span class='ocrx_word' id='word_1_304' title='bbox 549 3802 742 3926; x_wconf 56' lang='lat' dir='ltr'>igulorum</span> <span class='ocrx_word' id='word_1_305' title='bbox 765 3761 865 3856; x_wconf 73' lang='lat' dir='ltr'>on&#39;c</span> <span class='ocrx_word' id='word_1_306' title='bbox 882 3829 913 3840; x_wconf 90' lang='lat'><em>-</em></span> <span class='ocrx_word' id='word_1_307' title='bbox 935 3799 968 3868; x_wconf 85' lang='lat'>3)</span> <span class='ocrx_word' id='word_1_308' title='bbox 992 3798 1012 3851; x_wconf 88' lang='lat' dir='ltr'>c</span> <span class='ocrx_word' id='word_1_309' title='bbox 1035 3797 1084 3849; x_wconf 75' lang='lat' dir='ltr'>aur</span> 
     </span>
    </p>
   </div>
   <div class='ocr_carea' id='block_1_7' title="bbox 129 3865 756 3945">
    <p class='ocr_par' dir='ltr' id='par_1_7' title="bbox 129 3865 756 3945">
     <span class='ocr_line' id='line_1_39' title="bbox 129 3865 756 3945; baseline 0.005 -26"><span class='ocrx_word' id='word_1_310' title='bbox 129 3865 211 3924; x_wconf 78' lang='lat' dir='ltr'>boun.</span> <span class='ocrx_word' id='word_1_311' title='bbox 229 3902 262 3914; x_wconf 86' lang='lat'><em>-</em></span> <span class='ocrx_word' id='word_1_312' title='bbox 278 3875 310 3945; x_wconf 78' lang='lat'>4)</span> <span class='ocrx_word' id='word_1_313' title='bbox 327 3873 353 3926; x_wconf 90' lang='lat' dir='ltr'>id</span> <span class='ocrx_word' id='word_1_314' title='bbox 371 3882 420 3941; x_wconf 83' lang='lat' dir='ltr'>est,</span> <span class='ocrx_word' id='word_1_315' title='bbox 437 3873 557 3942; x_wconf 85' lang='lat' dir='ltr'>pellitam.</span> <span class='ocrx_word' id='word_1_316' title='bbox 609 3871 756 3926; x_wconf 78' lang='lat' dir='ltr'>foratam.</span> 
     </span>
    </p>
   </div>
   <div class='ocr_carea' id='block_1_8' title="bbox 0 0 1268 4254">
    <p class='ocr_par' dir='ltr' id='par_1_8' title="bbox 0 0 1268 4254">
     <span class='ocr_line' id='line_1_40' title="bbox 0 0 1268 4254; baseline 0 0"><span class='ocrx_word' id='word_1_317' title='bbox 0 0 1268 4254; x_wconf 95' lang='lat' dir='ltr'> </span> 
     </span>
    </p>
   </div>
  </div>
 </body>
</html>
