2512 4254
192 273 254 338 116
523 267 751 338 Dlsuutui'io
773 268 938 338 OCTAVA

157 449 162 458 .
190 400 252 469 tur,
280 399 397 472 propter
424 392 602 456 voluntatem
631 411 706 471 quae
734 395 826 456 libera
846 401 891 456 est
912 401 941 455 et
961 395 1023 454 sine
1043 395 1217 470 neemdtaie3

194 483 357 556 arbitrium,
384 487 501 558 propter
526 484 665 542 rationem
693 499 770 558 qnae
798 497 834 542 ea
855 499 929 558 quae-
950 482 1083 542 voluntas
1103 481 1217 558 appetit,

191 568 344 632 arbitratur
373 573 403 630 et
431 568 572 632 disceruit
613 569 652 630 Et
678 567 843 634 deauratio
873 585 961 646 saepe
980 569 1156 636 voluntatem
1172 585 1218 628 se·

192 661 296 732 quatur
317 653 356 715 ad
375 657 487 731 peceati
509 672 688 734 eonsensum,
708 673 856 734 nunquam
877 662 974 716 tamen
994 655 1134 733 approbat
1155 671 1217 714 ma-

191 741 260 802 lum
311 741 397 818 Quod
429 759 498 803 vero
530 742 663 802 voluntas
691 748 752 802 tam
779 760 871 824 prona
898 748 943 804 est
969 742 1009 802 ad
1035 741 1216 818 pausandum,

192 845 281 890 eausa
312 829 420 889 subest
469 827 568 888 Habet
601 831 676 888 enirn
709 829 840 890 diabolus
873 827 946 890 duos
976 829 1113 891 satellites
1139 821 1217 890 etium

187 933 224 977 se
246 914 432 990 crudeliores,
455 914 558 992 qulbus
578 912 629 976 illa
649 915 818 992 impellitur,
841 915 968 976 fomitem
989 915 1099 982 seilicet
1118 917 1216 986 cunis,

192 1019 280 1080 quem
306 1003 446 1079 scriptura
472 1007 560 1062 vocat
580 1009 749 1080 tyrannum,
782 1009 811 1063 et
831 1004 978 1063 mundum.
1022 1001 1097 1064 Caro
1118 1018 1217 1064 coneu-

190 1091 283 1168 piseit,
305 1087 436 1149 diabolus
459 1091 611 1166 concupita
631 1089 771 1166 incendit,
791 1089 915 1150 mundus
936 1091 1055 1151 incensa
1075 1107 1112 1150 ns
1132 1090 1216 1149 exdn-

191 1181 330 1254 guantur,
358 1191 391 1236 se
419 1177 524 1237 oblinit
565 1177 611 1234 Ex
631 1179 743 1252 peceati
762 1177 861 1238 fomite
881 1177 972 1237 multa
993 1177 1121 1242 oriuntur
1140 1176 1216 1248 sitim

192 1261 325 1322 diabolus
352 1262 443 1323 multa
471 1264 525 1322 sibi
553 1265 672 1322 assumit
693 1263 836 1344 subsidia3
864 1263 989 1324 mundns
1009 1261 1216 1324 innumerabilia

64 1377 69 1389 1
193 1349 276 1410 offert
296 1348 514 1412 oblectamenta.
556 1350 633 1411 Eece
655 1367 758 1416 onrrurs¹
776 1357 805 1422 et
826 1353 936 1426 equites
956 1349 1045 1428 Regis
1067 1347 1215 1430 synesii

193 1442 237 1497 est
269 1434 389 1514 diaboli,
420 1437 500 1498 missi
531 1435 569 1496 ad
597 1437 767 1514 capiendum
795 1437 959 1513 Heliseum,
988 1437 1020 1497 id
1049 1443 1094 1504 est
1113 1439 1215 1502 lustum

193 1522 306 1600 Quibus
326 1524 404 1600 visis,
423 1523 454 1583 id
476 1529 520 1583 est
539 1525 569 1582 in
591 1525 709 1584 eireuitu
729 1531 780 1584 tuo
799 1515 993 1600 consideratis,
1014 1525 1039 1584 si
1060 1522 1216 1588 obmuvem

193 1626 260 1672 eum
280 1612 409 1672 ministro
430 1609 553 1671 Halisei:
575 1611 646 1671 Heu
666 1613 723 1670 heo
744 1611 810 1684 beu,
833 1611 950 1671 ἀοεηὶηε
970 1614 1020 1684 nrt,
1042 1613 1116 1692 quid
1131 1610 1215 1692 facio-

192 1697 283 1758 mus?
310 1715 384 1759 vose
410 1695 578 1780 prophetica
604 1699 656 1758 obi
685 1697 859 1774 respondeo:
886 1699 1097 1776 Notitiam,
1122 1699 1215 1778 pluro

112 1825 116 1833 f
138 1795 140 1798 ’
193 1788 273 1844 enim
292 1784 444 1848 nobiseum
464 1792 542 1859 sunt,
564 1799 656 1861 quam
678 1803 746 1844 oum
767 1786 832 1844 illis.
874 1787 968 1862 Aperi
988 1786 1089 1846 oeulos
1110 1783 1215 1846 aab

192 1869 294 1931 Habes
329 1873 404 1932 intra
440 1877 469 1932 te
501 1872 640 1932 rabonem
669 1877 768 1946 eontra
796 1873 889 1934 camis
916 1871 1059 1954 fomitem,
1091 1873 1163 1938 elren
1190 1872 1215 1931 tt

193 1957 312 2034 angelos
340 1965 439 2018 eontra
466 1958 627 2038 diabolum,
658 1959 773 2022 antam
803 1964 902 2019 eontra
922 1958 1045 2024 turbam.
1087 1959 1128 2020 bt
1148 1973 1215 2028 aare,

193 2045 293 2120 inquit,
321 2061 406 2104 moros
424 2046 531 2120 plenus
552 2063 696 2122 equorum
719 2053 748 2105 et
768 2063 913 2106 mutuum
933 2049 1102 2122 tonsorum,
1129 2044 1215 2105 idest

194 2126 396 2212 custodiam),
424 2148 482 2191 non
508 2134 592 2190 unius
613 2131 664 2192 sed
685 2132 840 2192 multorum
860 2133 1028 2210 augelorum
1048 2137 1082 2193 ais
1102 2132 1215 2196 εἰεοιιὶἰϋ

188 2215 349 2296 Heloro),
384 2217 414 2277 ld
447 2224 491 2278 est
520 2218 644 2278 hominis
676 2219 767 2279 electi.
825 2219 932 2280 Contra
963 2221 1057 2280 earnis
1083 2219 1215 2280 incentiva

193 2320 306 2381 oppone
326 2306 446 2366 virtutes
472 2303 625 2366 naturales.
667 2305 768 2366 Habes
789 2323 876 2383 super
894 2305 967 2370 baeu
990 2309 1086 2368 omnia
1105 2306 1215 2388 mutiam

194 2391 332 2467 divinam,
364 2409 439 2468 quae
471 2409 539 2452 mox
571 2398 604 2452 ut
635 2395 725 2452 menti
751 2399 819 2453 tuae
848 2389 901 2474 si³)
928 2395 1112 2470 inassuetis
1138 2389 1215 2452 trab

103 2553 112 2564 λ
191 2477 362 2554 infunditur,
401 2481 492 2540 earnis
528 2481 673 2540 incentiva
712 2483 869 2558 restringit,
907 2479 1054 2541 diabolum
1089 2475 1214 2547 retundit,

156 2583 157 2586 ¹
191 2565 291 2625 mundi
318 2565 438 2642 gloriam
465 2566 518 2626 tibi
545 2568 575 2626 ln
602 2567 702 2626 odium
723 2569 817 2628 vertit.
858 2566 925 2628 Hoc
947 2569 1034 2628 etiam
1053 2569 1126 2629 seias
1147 2558 1214 2642 quod

193 2651 336 2737 quaedam
367 2651 486 2718 faunus
517 2655 580 2722 sino
608 2656 749 2716 usonem.
774 2655 922 2733 utriusque
952 2654 1057 2734 augeli.
1098 2647 1214 2732 Quaeel

191 2739 270 2800 bona
289 2739 401 2816 firerim,
423 2739 544 2816 amplius
565 2743 595 2800 in
617 2743 657 2800 eis
678 2757 834 2817 meremur;
859 2743 884 2800 si
904 2741 989 2818 mala,
1009 2740 1075 2818 plus
1096 2739 1214 2802 demere-

188 2843 264 2886 mur.
305 2825 510 2888 novicius:
538 2825 614 2888 Satis
643 2825 678 2888 do
705 2827 751 2888 his
773 2826 922 2905 expeditus
943 2845 1022 2905 sum3
1050 2842 1127 2888 nune
1145 2819 1214 2904 quod

188 2913 336 2974 assiduum
357 2914 568 2974 derisionibus
585 2914 720 2992 angelicis
741 2917 825 2991 nosti,
844 2915 914 2978 mihi
934 2915 1106 2976 marddsstes.
1145 2907 1214 2972 ΜΟ·

187 2997 365 3062 NAOHUS:
386 3001 473 3079 Quod
494 3004 604 3066 animas
625 3000 680 3062 sibi
693 3004 908 3066 commissorum
921 3001 987 3064 Deo
1005 3001 1213 3081 moruerunteul

188 3103 227 3147 ex
247 3085 304 3152 hou
326 3089 403 3164 quod
424 3091 552 3167 seqnitru
571 3091 680 3168 potoris
697 3091 830 3166 probare.

476 3343 928 3400 oum—-

209 3715 240 3788 1)
256 3714 277 3770 c
293 3709 466 3772 custodum.
485 3739 517 3752 ·-
535 3675 568 3778 2)
585 3708 649 3778 llsg.
665 3707 751 3772 lv,ss.
769 3735 801 3754 -ψ
820 3709 853 3777 3)
870 3709 892 3765 c
908 3711 936 3763 ri
951 3725 1022 3765 non.
1044 3665 1212 3784 affluas.

191 3839 193 3844 ,
258 3787 306 3842 ll:
323 3786 366 3856 ,in
384 3781 483 3836 illorum
500 3780 609 3832 animam
625 3775 822 3830 amuditlssus
839 3793 885 3845 per
899 3781 1017 3848 mussa,
1032 3785 1056 3835 si
1072 3782 1100 3836 in
1115 3781 1213 3851 pascuus

235 3905 238 3913 .
258 3856 359 3922 dueum,
374 3847 579 3906 illuminantem.“
