2524 4252
759 1 963 47 a!

333 275 389 340 on
408 274 876 378 Pntnmolnounooeort.
1016 307 1020 316 ·
1044 275 1114 336 tet

434 468 666 532 CAPITULUM
685 469 775 529 XXI.

131 589 178 675 Do
197 591 414 650 sanctimoniali
435 610 512 667 quoe
533 592 679 668 infantem
701 610 721 650 o
743 610 773 650 se
795 594 929 672 oceoom,
948 593 1076 668 iynitom

487 677 719 755 oreumsoebot.

152 765 380 858 Senetimonialis
402 798 543 874 quaedam
566 798 601 858 de
623 797 748 874 quodam
770 800 941 858 monasterio
962 798 1044 858 nobis
1072 796 1118 855 vi·

89 884 152 945 dno
174 884 252 960 quod
273 887 417 945 nominare
439 886 514 960 nolo,
536 902 602 950 eum
623 893 750 961 tempore
772 885 897 962 quodam
927 884 1118 958 concepisset,

87 986 125 1031 ne
145 971 312 1047 proderetur
333 974 394 1031 eius
415 978 553 1047 stuprum,
574 978 689 1047 partum
709 974 783 1031 iutra
797 989 828 1032 se
849 973 971 1032 necavit.
1013 970 1120 1029 Postea

87 1055 230 1117 infirmata
250 1060 426 1134 gravissime,
448 1058 484 1117 ob
506 1060 624 1134 nimiam
638 1057 848 1133 verecundiam,
869 1058 1005 1120 confessis
1026 1056 1120 1116 omni-

87 1143 143 1204 bus
163 1146 289 1220 peccetis
310 1144 387 1218 aliis,
412 1151 541 1220 stuprum
562 1152 591 1204 et
611 1145 793 1221 parricidium
814 1147 918 1221 taouit3
947 1146 1045 1219 sieque
1067 1159 1120 1202 ex·

86 1231 215 1306 spiravit.
257 1230 314 1290 Pro
336 1233 417 1290 euius
438 1233 534 1290 anima
556 1248 622 1290 eum
643 1231 786 1308 quaedam
808 1234 869 1290 eius
888 1237 1010 1308 cognata
1029 1228 1120 1306 pluri·

89 1333 168 1376 mum
193 1316 351 1392 laboraret,
384 1309 516 1378 defuncta
545 1319 570 1378 ei
598 1320 627 1376 in
649 1319 776 1380 oratione
797 1318 943 1378 visibiliter
963 1333 1120 1394 apparens,

88 1403 226 1464 infantem
245 1405 360 1480 igneum
381 1406 410 1462 in
432 1405 564 1464 menibus
584 1406 716 1481 gestavit,
741 1404 853 1465 dicens:
881 1405 1024 1466 Infantem
1044 1403 1121 1465 huno
1224 1435 1226 1447 ·

88 1491 207 1566 concepi
229 1496 257 1549 et
270 1491 414 1565 parturivi,
432 1493 588 1550 animatum
600 1491 741 1549 interfeci:
763 1491 840 1550 unde
861 1491 942 1551 illum
956 1490 1121 1550 indesinen-

88 1581 134 1636 ter
152 1578 183 1634 in
204 1579 351 1636 tormentis
366 1577 540 1651 circumfero,
561 1583 590 1636 et
611 1584 655 1635 est
674 1577 745 1636 mihi
766 1580 839 1654 ignis
859 1578 962 1639 ardens
984 1583 1013 1640 et
1030 1577 1121 1636 devo-

88 1680 165 1722 rans.
208 1661 293 1739 Quod
315 1666 340 1722 si
362 1662 397 1724 de
418 1663 473 1723 hoe
495 1665 618 1723 maximo
633 1669 753 1740 peecato
775 1651 899 1724 moriens
915 1664 1122 1746 contessionem

88 1749 235 1825 iecissem,
262 1752 382 1827 grabam
410 1751 590 1810 invenissem.
632 1749 756 1826 Exque
786 1751 928 1827 colligitur
953 1749 1030 1825 quod
1050 1765 1121 1825 pee-

90 1842 156 1897 cata
188 1852 263 1912 quae
293 1837 341 1896 hie
373 1835 486 1910 deteeta
497 1834 514 1916 ¹)
546 1853 605 1895 non
631 1837 734 1896 fuerint
760 1855 812 1913 per
840 1837 1061 1910 contessionem,
1092 1836 1122 1894 in

88 1923 184 1982 tuturo
214 1940 266 1998 per
293 1923 443 1999 poenalem
472 1923 641 2000 detegentur
667 1925 870 1984 contusionem.
919 1920 1122 1996 NOVIGIUS:

90 2007 215 2088 Quando
237 2012 332 2072 anima
353 2010 494 2086 egreditur
515 2009 551 2069 de
573 2027 705 2087 corpore,
725 2013 806 2070 novit
826 2012 923 2072 statim
944 2008 1012 2087 quid
1034 2009 1070 2069 de
1091 2025 1122 2068 se

90 2099 128 2156 sit
153 2095 302 2162 futurum?
343 2095 578 2158 MONACHUSz
607 2096 673 2156 Hoc
702 2097 814 2157 videtur
840 2098 956 2175 probari
983 2099 1123 2173 scriptura

91 2184 204 2246 dicente
232 2187 263 2242 tn
289 2201 411 2261 persona
438 2184 638 2262 reproborum:
668 2182 858 2262 omuconep
887 2189 920 2244 tn
949 2183 1031 2243 bonis
1062 2181 1123 2242 dies
1241 2194 1243 2198 ·

90 2289 169 2344 ntor,
192 2277 219 2330 et
241 2275 274 2330 in
292 2278 402 2346 maneto
425 2271 601 2330 descendunt
623 2271 665 2330 od
684 2271 834 2347 infernum
842 2268 875 2352 ³).
917 2271 962 2328 Ex
983 2286 1039 2346 quo
1052 2285 1122 2346 pro-

89 2358 176 2418 batur
190 2357 269 2433 quod
282 2357 438 2417 electorum
451 2360 562 2418 animae
584 2353 659 2436 quit)
682 2356 806 2434 agilioris
819 2364 885 2417 sunt
905 2363 1033 2430 naturae,
1054 2373 1123 2414 mox

90 2447 147 2506 sint
167 2450 235 2505 ante
256 2445 360 2504 Deum.
404 2444 489 2521 Quod
511 2447 535 2504 si
555 2443 662 2519 aliquid
683 2446 712 2502 in
734 2447 775 2504 eis
796 2444 973 2521 purgandum
996 2451 1052 2517 est,
1079 2445 1121 2504 si·

90 2533 149 2592 mili
172 2531 323 2595 velocitate
346 2530 524 2590 deducuntur
543 2532 572 2588 in
594 2532 804 2608 purgatorium,
827 2533 856 2588 in
878 2547 935 2605 quo
956 2530 1122 2590 salvationis

91 2617 231 2680 eemtudo
254 2625 305 2678 est.
347 2616 549 2678 NOVICIUS:
578 2616 655 2676 Huic
680 2616 810 2676 diversae
832 2619 955 2676 visiones
977 2615 1122 2678 eoubadi-

90 2722 154 2766 eere
175 2704 318 2779 ridentur,
338 2706 367 2764 in
390 2704 493 2780 quibus
513 2702 616 2780 legitur
637 2704 715 2778 quod
735 2720 823 2779 opera
844 2702 921 2763 bona
940 2719 994 2762 nee
1014 2719 1072 2760 non
1093 2708 1123 2762 et

89 2791 167 2852 mele
195 2793 351 2850 instatere
377 2793 470 2867 posita
496 2786 726 2869 ponderentur⁸).
768 2790 823 2848 His
851 2790 937 2848 etiam
964 2789 1122 2848 consentire

89 2878 203 2938 videtur
225 2876 367 2952 quaedam
388 2879 459 2935 visio
481 2878 510 2934 in
530 2876 654 2952 Dialogo
676 2877 767 2936 saneti
789 2874 932 2951 Gregorii,
953 2891 1040 2950 quam
1059 2876 1122 2950 ipse

89 2967 205 3026 minime
227 2963 339 3038 diffinit,
362 2963 397 3023 de
419 2963 545 3039 quodam
566 2965 615 3038 qui
636 2965 768 3039 inponis
788 2964 907 3038 positus,
928 2961 1061 3022 manibus
1083 2961 1121 3024 ab

89 3051 200 3130 angelis
222 3051 387 3110 trahebatur
407 3067 535 3123 sursum,
556 3056 671 3126 propter
692 3066 779 3126 opere
799 3047 1021 3125 misericordiam
1043 3050 1122 3110 coris

88 3155 158 3201 vero
175 3143 203 3198 et
217 3137 345 3198 eruribus
360 3137 501 3211 deorsum,
522 3143 637 3213 prepter
650 3153 722 3211 opus
732 3135 869 3208 luxunae.
902 3133 1012 3211 Quibus
1026 3140 1122 3212 temen

89 3227 210 3286 victoria
239 3227 368 3300 cesserit,
397 3224 465 3283 dieit
491 3222 635 3282 videntem
661 3218 845 3301 ignorasset).
888 3220 1121 3283 MONACHUS:

89 3311 172 3372 Licet
202 3313 356 3372 auctoritas
385 3313 587 3386 seripturarum
608 3308 794 3384 praeferenda
822 3309 858 3366 sit
885 3307 1049 3371 huiusmodi
1075 3310 1122 3369 vl·

89 3400 225 3474 sionibus,
245 3397 366 3459 retorem
387 3403 485 3457 tumen
507 3395 585 3472 quod
605 3411 696 3471 nuper
716 3393 822 3455 audivi.

108 3635 139 3706 1)
155 3633 223 3689 AB?
240 3641 338 3686 teuta.
356 3663 388 3674 -
406 3633 438 3703 2)
456 3632 498 3688 CF
524 3633 653 3686 ducunt.
687 3631 777 3686 Homil.
793 3631 836 3685 W.
853 3649 880 3700 p.
899 3633 963 3686 164:
981 3635 1040 3702 quia
1057 3632 1122 3685 sieut

158 3706 278 3772 seriptum
297 3711 351 3766 ert,
367 3705 393 3756 in
412 3704 484 3756 benis
502 3703 630 3756 deducunt
646 3719 714 3756 nune
731 3702 786 3755 dier
803 3717 879 3764 sues,
896 3711 925 3754 et
939 3711 998 3768 post
1013 3710 1121 3754 morum

157 3777 184 3828 in
200 3781 295 3842 puncto
312 3772 466 3826 demutent
482 3774 507 3824 in
531 3771 681 3826 internum.“
700 3799 730 3814 -
750 3773 782 3840 3)
799 3771 846 3824 lob
864 3773 912 3834 21,
939 3773 980 3823 13.
1000 3799 1030 3812 ·-
1048 3769 1121 3841 01²

159 3858 250 3916 quae.
268 3872 302 3884 -
320 3844 352 3912 5)
370 3841 391 3896 E
410 3840 637 3909 ponderantur.
656 3871 689 3882 -
707 3842 739 3912 s)
757 3843 862 3910 (ἕτερον.
881 3840 942 3894 oto.
961 3841 1002 3906 ru,
1019 3841 1063 3896 36.
