2608 4252
406 271 459 332 nn
480 269 638 332 seuera
653 270 795 332 maara,
878 347 880 352 ,
1077 273 1115 330 rs

79 398 110 453 in
131 393 261 454 vestibus
282 395 411 455 curiosus
423 391 449 474 ¹).
491 394 536 454 Ne
550 401 647 455 autem
673 394 910 469 eausaupossis,
942 392 1020 468 quod
1051 396 1117 453 uni-

79 485 173 546 versis
181 479 201 562 ²)
223 481 348 542 Domina
370 489 480 542 tautum
502 481 701 541 claustralibus
722 481 879 557 virginibus
900 479 947 540 vel
969 482 1117 540 mutinen·

79 570 160 628 tibus
182 568 384 628 decedentibus
396 587 479 628 suam
496 572 686 644 praesentiam
707 569 855 627 visibiliter
874 567 1028 642 impendat,
1050 585 1117 628 eos-

82 673 140 732 que
162 656 201 716 ad
221 659 310 716 vitam
328 664 474 716 aeternam
494 655 641 732 perducat,
662 673 815 731 personam
836 655 939 715 laicam
962 662 991 714 et
1011 673 1129 724 uxore,

82 751 142 804 tam
165 744 218 802 tibi
237 760 406 820 proponam.

401 997 404 1002 ,
433 933 665 1026 caeremon
688 933 767 994 nm.

98 1057 146 1118 Dc
169 1055 298 1121 Kaous
319 1073 404 1116 cruae
425 1059 550 1132 aquato,
574 1074 660 1130 quem
681 1063 785 1114 sauata
807 1054 910 1116 Mario
931 1059 1102 1115 morientem

487 1143 639 1202 consolato
662 1149 712 1202 est.
1005 1139 1009 1152 ’
1106 1165 1126 1204 t

149 1261 228 1322 Civis
250 1261 366 1338 quidam
388 1261 424 1322 de
446 1261 585 1338 Tulpeto,
607 1265 653 1322 vir
673 1263 819 1336 honestus,
841 1261 926 1321 Kono
948 1264 1071 1336 nomino,
1092 1265 1121 1320 iu

83 1351 141 1412 het
170 1356 296 1410 extrema
325 1349 503 1426 expeditione
540 1352 685 1426 signatus,
715 1367 781 1408 eum
809 1347 872 1407 aliis
900 1337 1055 1425 peregrinis
1084 1349 1122 1408 ed

82 1453 166 1498 mare
190 1454 282 1513 usque
303 1439 441 1513 pervenit.
483 1437 529 1495 Ibi
550 1439 674 1513 graviter
694 1436 860 1509 infirmatus,
882 1453 947 1494 cum
969 1438 1121 1494 moriurrus

83 1529 178 1596 esset,
203 1526 295 1599 coepit
316 1523 482 1582 mirabiliter
502 1524 657 1582 iocundau'.
700 1523 922 1598 Requirentibus
945 1525 1028 1582 sociis
1037 1520 1057 1602 ³)
1086 1523 1122 1581 de
1176 1593 1179 1599 Α

83 1627 175 1672 cauea
188 1610 320 1686 laetitiae,
340 1611 501 1686 respondit:
524 1611 619 1686 Quare
634 1627 693 1669 non
715 1609 878 1686 gaudeam?
900 1609 976 1668 Ecce
997 1609 1123 1668 Domine

84 1705 184 1758 nostra
213 1705 312 1757 mnata
332 1697 426 1756 Maria
454 1697 501 1756 hie
529 1715 664 1774 praesens
692 1705 751 1772 est,
781 1703 810 1754 et
838 1696 909 1755 haee
939 1697 1008 1756 mihi
1038 1696 1122 1755 dixit:
1149 1725 1152 1730 ,

85 1785 184 1859 Kone,
205 1786 271 1860 qrria
291 1783 429 1860 reliquisti
449 1801 576 1860 uxorem,
596 1784 670 1844 filios
691 1791 720 1843 et
742 1784 838 1843 omnia
859 1790 909 1843 tua
930 1790 1046 1859 propter
1066 1783 1123 1842 bo·
1146 1813 1150 1820 1
1241 1770 1253 1794 ⁸

84 1889 186 1932 uorem
206 1871 255 1930 filii
275 1874 346 1945 mei,
366 1871 497 1946 periculis
518 1877 547 1929 te
569 1889 723 1947 exponens,
746 1888 799 1947 ego
821 1870 895 1930 bene
918 1878 946 1929 et
966 1871 1050 1947 plene
1071 1871 1123 1929 tibi

85 1959 248 2018 retribuam.
292 1958 456 2034 Quietatim
471 1957 656 2018 exclamavit:
678 1959 723 2018 Eu
743 1958 827 2017 video
850 1957 961 2017 eoelum
984 1965 1123 2033 apertum,

83 2051 116 2106 et
133 2047 164 2103 in
193 2061 227 2104 eo
255 2045 355 2104 sedem
382 2045 451 2112 mihi
482 2053 696 2123 praeparatam,
726 2045 764 2105 ad
794 2063 882 2122 quam
910 2045 1029 2104 celerius
1059 2047 1133 2104 sum·

83 2147 266 2193 ascensurus.
308 2131 436 2208 Moxque
450 2149 531 2192 sacro
543 2132 607 2192 oleo
621 2132 770 2208 posurlans
789 2149 820 2192 se
838 2134 946 2208 inungi,
968 2140 997 2192 et
1017 2134 1122 2190 viatim

84 2220 230 2279 Domiuici
250 2222 375 2295 cometis
395 2221 508 2294 muniri,
530 2219 676 2280 hominem
697 2237 815 2296 peregre
838 2219 977 2294 deposuit,
999 2226 1028 2277 et
1049 2221 1123 2278 sicut

84 2323 173 2366 verus
189 2309 361 2383 peregrinus,
383 2309 412 2364 in
433 2305 549 2366 coelesti
568 2309 662 2381 patria
681 2306 788 2372 laboris
812 2309 856 2364 sui
876 2309 1035 2382 praemium
1057 2323 1122 2364 sus-

83 2395 171 2470 cepit.
212 2391 415 2453 NOVIOIUS:
436 2392 502 2452 Non
524 2396 611 2452 miror
632 2395 658 2452 si
677 2393 764 2452 homo
796 2396 853 2466 iste,
876 2397 969 2452 iustus
998 2391 1046 2450 vel
1067 2409 1122 2468 po-

82 2483 145 2540 tins
164 2497 214 2556 per
234 2482 328 2540 curuis
348 2480 537 2556 signationem
557 2479 735 2554 iustificatos,
755 2487 815 2539 tam
836 2480 955 2540 mirifica
983 2480 1070 2555 vidit5
1095 2487 1124 2539 et

103 2597 138 2666 1)
155 2596 243 2651 nonu.
262 2597 281 2649 l.
299 2613 325 2663 p.
345 2595 407 2648 144:
430 2595 507 2666 „Cum
524 2605 591 2648 esset
609 2596 676 2665 apud
694 2613 740 2648 nos
758 2599 872 2649 novicius
889 2597 989 2666 quidam
1008 2596 1126 2648 Albertus

155 2669 255 2718 noerius
272 2665 306 2716 de
325 2665 407 2730 Brule,
425 2667 551 2735 quondam
568 2668 703 2719 canonicus
721 2669 821 2719 maioris
839 2667 960 2720 eeclesiae
977 2666 1126 2730 incolome,

156 2745 183 2788 ct
199 2745 397 2804 conquereretur
419 2739 619 2806 magicumne,
642 2736 710 2805 quod
733 2739 760 2788 in
783 2737 941 2788 confessione
964 2753 1015 2788 uon
1037 2745 1125 2801 posset

155 2805 277 2858 reducere
294 2805 328 2858 ad
345 2809 489 2858 memoriam
506 2809 590 2860 omniu
607 2815 711 2874 peccate
729 2823 788 2870 sua3
807 2805 938 2874 respoudit
955 2805 1008 2856 ille:
1033 2805 1125 2857 Notata

154 2876 181 2928 in
199 2875 288 2928 cedula
306 2883 410 2942 peccata
428 2885 519 2928 vestra.
554 2875 588 2930 Et
605 2878 732 2928 novicius:
759 2876 832 2928 Liber
855 2885 913 2928 octo
936 2876 1124 2942 quaterniorum

156 2954 259 3012 peccata
281 2961 339 2996 ruea
363 2961 455 3012 capere
478 2963 530 2998 uon
554 2955 648 3013 posset.
689 2945 751 2999 Erat
774 2948 839 2997 euim
862 2945 893 2997 ab
915 2947 1017 2996 ineunte
1041 2953 1125 2997 aetate

153 3023 222 3070 totus
240 3013 342 3066 deditus
359 3015 485 3078 luxuriae,
502 3015 579 3068 verbe
597 3019 694 3078 otiose,
711 3015 850 3082 impudica,
875 3013 986 3066 scurrilia
1004 3023 1031 3066 et
1047 3018 1125 3068 risum

154 3087 286 3138 mouentia·
299 3085 403 3136 multum
418 3101 512 3136 amens.
548 3085 610 3138 Cum
621 3085 703 3136 adhuc
715 3095 783 3136 esset
799 3087 907 3150 iuvenis,
924 3084 1012 3136 hahuit
1021 3095 1124 3138 matrem

154 3153 250 3224 Bingae
268 3155 294 3206 iu
318 3159 471 3208 monasterio
494 3158 575 3207 sancti
596 3155 699 3206 llobertl
721 3169 877 3207 conversam.
919 3155 988 3219 Quae
1011 3171 1058 3221 pro
1081 3155 1125 3207 lilii

154 3223 236 3275 salute
260 3222 382 3287 sollicita,
405 3241 460 3276 curu
484 3224 573 3276 beatae
596 3223 753 3292 llildiugardi
776 3224 887 3276 eiusdem
912 3224 1028 3276 coenobii
1052 3227 1125 3276 matri

155 3302 269 3361 tempore
286 3293 395 3362 quodam
413 3311 469 3346 cum
487 3294 573 3346 dolore
591 3294 708 3346 dixisset:
726 3293 746 3346 0
765 3293 875 3358 domina,
892 3293 951 3363 quid
970 3295 1013 3348 liet
1025 3295 1057 3346 de
1074 3295 1125 3347 lilio

155 3379 213 3416 meo
230 3362 350 3426 alberto,
373 3366 415 3432 qui
438 3373 487 3415 tem
512 3364 631 3415 mirabilis
655 3373 694 3416 est
717 3372 744 3414 et
766 3373 817 3416 tarn
834 3364 977 3416 instabilis?
995 3364 1126 3432 respoudit

155 3441 256 3484 muas:
274 3432 384 3486 'landem
403 3433 548 3488 salvabitur.
590 3433 662 3497 Quod
688 3433 791 3487 verbum
810 3437 909 3486 occasio
926 3436 951 3486 ei
968 3435 1015 3486 tuit
1033 3433 1126 3486 multo-

155 3517 210 3554 rum
228 3512 399 3570 peecatorum,
416 3519 466 3556 nou
484 3501 620 3556 recordans
638 3505 776 3572 scripturae
790 3504 911 3556 dicentis:
929 3503 1125 3558 Maledictus

102 3611 107 3618 .
157 3573 211 3640 qui
227 3582 346 3638 peccat
363 3575 393 3624 in
409 3589 473 3639 spe.
510 3573 536 3624 lu
549 3582 679 3624 senectute
692 3583 773 3627 tactus
791 3574 931 3642 apoplexia,
950 3575 1038 3624 timore
1056 3588 1125 3624 mor·

156 3643 190 3692 tis
206 3643 276 3693 veuit
293 3641 325 3692 ed
343 3641 468 3707 ordinem,
495 3651 521 3693 et
540 3657 590 3694 uon
607 3643 685 3695 multo
703 3653 761 3710 post
779 3643 866 3696 eadem
884 3652 1037 3710 praeventus
1055 3641 1126 3694 intir-

158 3711 245 3762 rnitate
262 3709 395 3764 defunctus
413 3721 459 3764 est.
499 3714 528 3764 lu
552 3727 603 3780 quo
626 3715 728 3779 saepius
751 3713 859 3766 vidimus
876 3712 991 3764 lacrimas
1009 3721 1035 3763 et
1053 3713 1126 3780 sigua

157 3781 328 3846 contritionis,
352 3784 386 3834 ita
408 3791 437 3834 ut
460 3781 526 3834 baua
545 3797 603 3848 spes
627 3784 660 3833 sit
682 3781 715 3833 de
738 3784 793 3834 eius
818 3783 982 3836 salvatione.“
999 3811 1030 3822 -
1055 3777 1125 3848 2)c

159 3853 321 3903 universa.
342 3881 371 3891 —
391 3851 423 3920 3)
440 3851 460 3904 Β
479 3853 663 3920 requisitus
681 3867 695 3901 a
714 3854 823 3904 sociis.
