2506 4254
487 1 540 92 χ.

332 279 388 344 DE
410 278 594 344 CORPORE
617 281 784 344 CHRISTI.
1028 285 1092 348 205

64 401 157 466 eodem
177 404 263 464 modo
283 421 372 466 unam
394 407 505 483 corpori
527 403 639 481 Christi,
661 404 739 482 quod
760 403 879 483 singulis
900 403 1002 468 diebus
1020 423 1093 468 con·

63 490 146 552 ficiem
171 507 223 569 per
242 493 407 553 universum
427 491 581 568 mundum,
610 500 751 570 quatenus
772 495 803 554 in
823 492 880 552 fine
902 495 978 554 vitae
1009 511 1092 555 mccc

62 582 135 638 tento
169 580 272 638 mum'ri
312 582 417 640 viatico
457 596 589 640 mererer.
649 579 736 658 Quod
775 586 805 639 et
841 579 983 640 Dominus
1021 581 1093 640 mihi

61 662 240 746 pmestabit')
276 681 331 726 sna
360 665 561 726 misericordia
610 665 694 728 Unde
726 683 797 743 rogo
826 672 859 726 ut
885 669 995 727 vocetis
1023 667 1094 728 mihi

62 751 244 827 moerdotem,
265 769 285 812 a
305 769 363 828 quo
384 751 455 812 iilud
476 755 640 830 suscipiam.
683 751 740 829 Qui
762 745 827 812 ct'rm
849 755 990 829 venisset,
1020 771 1094 815 con·

61 835 173 900 sessione
199 842 358 916 praemissa
386 841 619 914 commrmicavit,
647 857 772 916 moxque
794 842 923 916 spiritum
946 843 1094 918 emittens,

61 923 94 984 ad
120 942 185 986 eum
211 927 259 987 cui
285 927 482 1002 incorporatus
510 927 603 986 irrorat
625 927 743 986 feliciter
764 929 911 1004 migravit*
948 925 1041 1003 Quem
1062 929 1092 988 in

62 1011 188 1074 cimiterio
224 1013 410 1090 sepelientes,
445 1019 504 1094 tam
539 1013 647 1091 grande
676 1013 845 1073 miraculum
874 1011 1094 1091 divulgaverunt

61 1097 168 1175 ubique.
208 1098 412 1161 NOVICIUS:
432 1101 513 1160 Bene
531 1103 589 1160 iam
604 1117 640 1160 cx
660 1099 716 1161 hoc
739 1101 886 1160 considero
910 1099 988 1176 quod
1008 1118 1092 1163 sacra

63 1187 215 1246 communic
232 1186 310 1248 salus
331 1189 369 1246 sit
389 1189 491 1248 mentis
513 1193 543 1246 et
564 1189 697 1263 corporis.
740 1185 974 1248 MONAOHUS:
1006 1185 1092 1265 Quod

62 1270 132 1333 selus
163 1275 200 1334 sit
230 1275 349 1349 mentis,
389 1273 481 1334 habes
509 1275 671 1352 exemplum
700 1275 729 1333 in
758 1273 937 1334 distinctione
965 1275 1094 1336 secunda

63 1360 179 1434 capitulo
201 1367 282 1421 sexto
305 1359 432 1436 docimo,
460 1360 496 1420 de
517 1361 605 1420 mriite
626 1361 762 1421 Rcmcnsi
783 1363 832 1436 qui
853 1363 914 1421 eius
936 1378 988 1422 esu
1010 1379 1092 1422 com·

63 1453 178 1520 punctus
206 1454 250 1508 est
276 1447 315 1508 ad
340 1450 551 1524 poenitentiam.
595 1447 681 1525 Quod
701 1461 771 1508 vero
793 1447 870 1506 salus
892 1449 929 1507 sit
951 1451 1093 1525 corporis,

63 1533 217 1595 nonsolum
231 1534 394 1610 exemplum
408 1542 451 1595 est
471 1536 554 1595 nobis
575 1551 711 1610 praesens
732 1533 813 1594 miles
836 1536 883 1610 qui
907 1537 967 1594 eius
987 1537 1107 1602 virtute,

64 1627 245 1704 mesenates,
260 1628 312 1697 est,
333 1639 370 1682 ne
389 1629 555 1698 moreretur,
575 1619 628 1682 sed
648 1628 677 1681 et
698 1621 827 1682 subiecto
849 1620 960 1698 plenius
982 1638 1092 1699 cogno·

64 1719 120 1768 sees
140 1707 278 1787 exemplo.

430 1881 663 1970 carmunum
687 1881 726 1942 n:

120 2005 168 2066 De
187 2006 297 2066 merida
317 2005 475 2092 twdotie
497 2024 575 2083 quoe
595 2008 696 2082 pratia
717 2005 869 2091 Domioiei
888 2007 1021 2082 eorporis

444 2110 562 2153 sorsum
589 2096 703 2168 recepit.

119 2211 203 2274 Anno
230 2215 384 2291 praeterito
412 2215 442 2273 in
456 2213 553 2276 ‚Wde
576 2215 690 2274 civitate
711 2211 879 2274 Westiaiiae
901 2227 967 2273 eum
987 2207 1092 2272 anciila

65 2300 207 2362 sacerdotis
229 2302 264 2361 de
287 2299 373 2362 domo
394 2317 457 2361 sero
480 2302 582 2376 exiret,
615 2306 645 2360 et
665 2299 811 2360 deuotum
832 2299 867 2358 in
882 2300 974 2359 forma
994 2301 1092 2362 cuius·

65 2381 123 2446 dnm
141 2407 160 2449 a
180 2405 238 2464 quo
259 2387 411 2448 amabatur
432 2389 623 2464 conspiceret,
643 2384 700 2467 in¹)
722 2392 841 2462 aspectu
861 2386 937 2447 iliius
957 2385 1091 2462 horrens,

64 2475 229 2552 resignavit,
250 2480 281 2534 et
300 2481 459 2534 monstrum
481 2491 549 2534 mox
571 2471 718 2549 disparuit.
761 2473 814 2532 Cui
836 2472 968 2534 diabolus
988 2479 1091 2533 iterum

64 2572 194 2636 apparens
214 2564 268 2621 ait:
297 2561 329 2621 Si
354 2578 412 2620 non
433 2562 550 2621 fecisses
570 2559 627 2620 hoc
649 2563 777 2638 signum,
806 2559 922 2620 domum
943 2561 1091 2619 virenon
1165 2591 1169 2596 -

64 2642 196 2708 intrasses.
238 2647 333 2726 Quam
348 2665 413 2708 cum
426 2653 552 2722 vocaret,
573 2654 603 2708 ct
616 2645 665 2718 ille
680 2650 756 2707 exire
769 2652 909 2722 renueret,
929 2646 1091 2707 subiunxit:

64 2725 135 2795 Tolle
161 2741 272 2796 vestem
298 2736 392 2794 istam.
433 2735 504 2794 Erat
532 2736 608 2794 enim
634 2733 792 2811 stragulata
800 2731 836 2814 ⁸).·
873 2731 957 2809 Quae
979 2731 1090 2791 tamin

65 2833 125 2882 voce
145 2837 231 2898 quem
252 2823 283 2880 in
304 2821 420 2881 horrore
442 2821 588 2882 diabolum
609 2820 782 2897 intelligens,
803 2826 957 2880 retrorsum
979 2817 1089 2894 cecidit,

65 2911 89 2963 et
112 2923 223 2968 sensum
250 2910 366 2986 penitus
392 2909 495 2968 amisit.
536 2907 677 2968 Sacerdos
698 2924 767 2968 vero
788 2906 913 2967 hostiam
934 2907 1016 2982 quasi
1036 2921 1090 2982 pro

64 2993 178 3057 remedio
204 2998 320 3055 mittens
348 2997 377 3054 in
406 3012 439 3055 os
468 2997 528 3055 eius
556 3011 614 3053 non
643 2993 837 3069 benedictam,
871 3009 936 3052 enm
964 2991 1034 3052 nihil
1061 2993 1090 3054 ei

63 3079 213 3158 prodesset,
247 3083 336 3159 digito
375 3081 467 3141 saliva
499 3081 661 3141 madefacto
699 3097 802 3158 corpus
837 3078 955 3140 Domini
987 3081 1088 3158 tetigit.

64 3163 147 3242 Quem
174 3187 239 3229 cum
266 3171 296 3228 in
318 3185 351 3230 os
371 3169 495 3228 misisset
514 3167 655 3243 mulieris,
676 3183 744 3228 mox
764 3167 813 3226 illa
835 3183 952 3226 sensum
972 3170 1088 3244 recepit,

63 3248 149 3315 locuta
161 3262 244 3316 estet
260 3273 331 3316 sana
348 3257 477 3316 surrexit
518 3254 601 3315 Haec
621 3254 698 3331 apud
719 3271 773 3314 nos
795 3255 949 3314 eanonicus
971 3253 1088 3330 quidam

63 3336 337 3402 Prasmonstratensis
357 3343 501 3417 recitavit,
523 3359 653 3402 asserens
675 3357 706 3402 se
728 3339 830 3402 eodem
851 3346 980 3417 tempore
1000 3341 1088 3402 inisse

63 3423 244 3504 inpraodicta
265 3431 389 3490 civitate.
430 3428 612 3489 Praedictum
633 3424 830 3508 miraculnmi)
853 3426 951 3489 audivi
972 3443 991 3487 a
1012 3443 1087 3504 quo-

64 3509 122 3573 dam
145 3517 275 3594 religioso
304 3515 421 3576 Abbste
449 3517 522 3593 nigri
543 3515 657 3575 ordinis.
699 3514 827 3575 Advorte
848 3532 925 3577 nunc
947 3521 1086 3591 quantum

64 3599 285 3685 consequentur‘)
306 3603 423 3664 honoris
444 3601 548 3663 Christi
569 3616 672 3680 eorpus
693 3601 875 3662 honorantes.
978 3671 981 3681 Ι

80 3713 107 3785 1)
120 3715 162 3772 to
178 3719 362 3788 praestabit
379 3719 465 3774 mihi.
484 3747 515 3761 ·-
533 3719 567 3788 2)
584 3718 648 3772 ADP
666 3726 705 3770 et.
722 3747 754 3759 -
768 3718 800 3788 3)
818 3715 919 3770 diverso
936 3713 1021 3768 coiere
1037 3729 1085 3767 vu·

121 3788 188 3842 run.
213 3788 237 3844 B
255 3787 477 3860 strangulata,
500 3788 568 3858 quod
585 3788 651 3842 idem
669 3787 747 3842 uniet.
765 3817 796 3828 -
815 3786 847 3855 4)
865 3787 886 3840 Ι)
904 3782 953 3839 edd
976 3783 1084 3838 etiem.

123 3885 152 3898 -
170 3859 201 3930 5)
218 3857 260 3912 BP
278 3867 538 3929 consequantur,
555 3857 576 3912 C
593 3863 854 3927 consequuntur.
