2506 4254
178 277 243 340 atu
515 264 753 340 ‘Dmumoulo
773 275 885 342 NONA

178 396 324 460 modicum
344 415 377 459 so
398 397 608 461 emendaverat
650 399 708 460 Die
729 401 855 477 quadam
883 417 950 460 cum
971 401 1025 460 iret
1045 398 1086 460 ad
1107 413 1209 460 motam

178 487 408 546 communionem
421 503 486 546 cum
501 490 602 548 calens
622 489 765 564 inanibus,
780 491 815 547 in
829 489 902 548 nora
922 487 971 547 illa
992 503 1050 563 qua
1072 489 1100 546 ei
1120 501 1209 546 socu-

178 572 346 649 doseorpus
356 573 474 634 Domini
494 575 666 651 porrigebat,
687 575 761 634 alius
781 574 899 650 quidam
921 591 1079 634 convorsus
1099 573 1207 648 religio·

178 675 229 724 suo
256 659 328 720 sidit
347 661 377 720 iu
405 662 520 721 ossius
542 663 615 719 mitti
643 677 702 720 non
723 669 948 736 sacamentum,
976 661 1029 720 sed
1062 661 1209 720 carbonem

177 748 368 823 nigerrimum.
417 746 569 828 Rationem
598 746 791 825 supradictam
819 747 944 823 capitulo
980 748 1209 824 quinquagesimo

176 840 296 908 ¹qururto,
324 833 372 894 hic
392 837 509 910 assigna
530 833 566 894 de
594 835 743 894 sacerdote
772 834 808 894 de
829 834 1023 898 Hadenmcre.
1067 831 1209 910 Quosdam

176 918 321 980 Dominus
342 937 445 997 corpus
473 939 558 982 suum
586 939 698 981 sumere
727 939 786 982 non
814 923 896 998 sinit,
924 928 957 981 ut
977 921 1096 998 culpam
1118 935 1209 980 eorum

177 1007 348 1068 manifestet
463 1010 465 1013 ’

517 1143 749 1206 CAPITULUM
770 1145 894 1232 LXIV.¹

167 1263 175 1278 ⁸
249 1247 298 1307 Da
319 1264 459 1308 converso
482 1253 685 1324 propnetam
707 1253 759 1326 qui
779 1267 887 1326 coepas
910 1248 1018 1310 Cirrata·
1037 1267 1152 1310 annm

604 1353 667 1394 non
686 1341 793 1412 poterit

242 1455 301 1516 linx
315 1453 371 1514 duo
386 1457 453 1514 anni
466 1461 532 1514 sunt
545 1453 644 1531 elapsi,
666 1455 744 1532 quod
754 1473 909 1517 conversus
927 1456 1044 1532 quidam
1065 1455 1099 1516 de
1119 1454 1209 1516 ordine

178 1547 276 1602 nostro
298 1542 455 1601 infirmatus
478 1547 522 1600 est
542 1543 684 1618 graviter,
705 1545 735 1601 in
756 1544 887 1603 Pictavia
908 1542 994 1603 domo
1017 1560 1092 1619 quae
1114 1543 1209 1604 dicitur

177 1629 394 1706 Fumoringens.
443 1627 531 1688 Cuius
560 1629 767 1690 confessionem
807 1647 872 1690 cum
904 1629 1007 1691 Abbas
1047 1627 1208 1702 audivisset,

178 1732 302 1792 eumque
315 1719 385 1775 satis
399 1715 548 1792 diligenter
560 1715 597 1774 ad
610 1717 840 1776 emundationem
852 1719 1042 1777 conscientiae
1054 1719 1208 1788 monuisset,

178 1801 297 1863 allatum
320 1809 364 1863 est
380 1805 407 1862 ei
429 1819 532 1878 corpus
546 1802 671 1862 Domini.
715 1803 799 1880 Quod
821 1805 936 1878 quidem
958 1810 1057 1880 aperto
1079 1821 1128 1862 ore
1149 1819 1207 1862 sns-

178 1892 263 1966 cepit,
283 1889 334 1949 sed
357 1906 389 1949 os
403 1889 440 1948 ad
461 1889 670 1952 masticandum
685 1886 702 1968 ¹)
726 1890 858 1951 claudere
879 1908 937 1950 non
959 1893 1061 1966 potuit
1101 1890 1204 1948 Miran-

177 1976 255 2036 tibus
282 1978 422 2036 universis
444 1979 493 2052 qui
514 1976 647 2051 aderant,
676 1976 809 2037 sacerdos
831 1985 1042 2036 sacramentum
1064 1977 1204 2036 extrahens

135 2099 137 2103 ⁴
178 2063 261 2124 alteri
282 2062 361 2122 dedit
380 2063 500 2138 infirmo,
522 2064 600 2139 quod
620 2063 668 2123 ille
691 2064 795 2124 devote
817 2067 886 2124 satis
908 2067 968 2124 siue
991 2067 1068 2124 omni
1089 2063 1204 2138 suscepit

177 2150 389 2228 impedimento.
431 2150 497 2210 Non
518 2151 609 2209 multo
631 2158 697 2226 post
718 2168 872 2210 conversus
892 2151 969 2210 idem
1001 2157 1128 2210 mortuus
1149 2155 1203 2222 cst,

178 2244 209 2299 et
229 2255 317 2298 causa
337 2237 459 2298 salutem
471 2240 531 2296 eius
552 2239 710 2315 impediens
733 2238 877 2298 declarata
899 2245 950 2314 ast.
993 2237 1069 2297 Nam
1090 2237 1204 2312 qunque

178 2323 271 2400 solidi,
287 2339 344 2384 non
359 2325 494 2401 argentei,
515 2324 567 2384 sed
579 2327 664 2399 aerei,
686 2331 843 2384 comesset
864 2323 1033 2400 abluendus,
1055 2326 1127 2383 cirea
1146 2337 1204 2382 eum

177 2411 287 2470 inventi
308 2417 384 2474 sunt.
427 2411 493 2470 Non
515 2414 590 2470 enim
605 2413 723 2472 ei‘licuit
736 2412 852 2471 habere
865 2415 1025 2488 pecuniam.
1067 2411 1104 2470 Et
1124 2405 1203 2486 glori-

113 2515 114 2524 *
177 2497 337 2558 ficaverunt
349 2498 445 2557 Deum
468 2499 597 2558 videntes
619 2499 700 2558 haec.
743 2498 792 2557 Ad
813 2499 981 2558 mandatum
1001 2514 1072 2558 vero
1091 2495 1205 2556 Abbatis

177 2587 208 2643 in
230 2601 332 2660 campo
344 2582 366 2666 ²)
387 2585 516 2660 sepultus
539 2591 597 2660 est,
626 2591 655 2644 et
675 2603 761 2660 super
782 2602 849 2644 eum
869 2584 955 2644 iidem
977 2583 1061 2644 solidi
1081 2583 1205 2660 proiecti,

179 2671 338 2732 &canthus
367 2673 500 2732 omnibus
517 2671 577 2747 *qui
606 2671 743 2733 aderaut:
764 2673 892 2732 Pecunia
922 2677 974 2731 tua
1001 2679 1097 2731 tecum
1122 2669 1205 2728 sitin
1245 2677 1246 2708 l

178 2757 366 2838 perditionem
377 2756 408 2840 ³).
450 2757 533 2818 Haec
555 2760 718 2819 cumidem
739 2757 841 2818 Abbas
863 2761 1010 2819 recitasset
1030 2759 1060 2816 in
1087 2757 1204 2835 proximo

177 2845 312 2923 Capitulo
334 2845 475 2923 generali,
497 2846 662 2905 subiunxit:
683 2847 721 2905 Et
734 2852 767 2905 ut
783 2848 878 2905 sciatis
899 2845 1009 2906 nullam
1030 2846 1115 2904 luisse
1132 2841 1206 2900 infir·

179 2935 308 2994 mitatem
328 2936 359 2992 in
381 2951 484 3007 causa,
516 2951 605 3008 quare
628 2951 730 3010 corpus
751 2932 868 2992 Domini
890 2949 1003 2992 sumere
1026 2949 1084 2990 non
1103 2931 1206 3006 posset,

179 3019 282 3079 eadem
302 3020 348 3080 die
376 3019 513 3098 gallinam
545 3023 685 3097 integram
725 3020 856 3079 comedit.
906 3019 1038 3079 Aestimo
1074 3019 1122 3077 tibi
1154 3016 1206 3072 um

179 3105 358 3166 satisfactum
379 3107 456 3182 quod
478 3109 532 3166 sub
554 3111 651 3184 specie
672 3109 755 3183 panis
776 3109 813 3165 sit
839 3123 941 3166 verum
969 3123 1074 3182 corpus
1096 3101 1206 3172 Christi,

179 3196 210 3252 et
231 3193 285 3254 sub
307 3195 402 3270 specie
423 3195 482 3253 vini
503 3201 570 3270 post
591 3197 834 3254 consecrationem
855 3211 940 3253 verus
962 3195 1078 3269 sanguis
1100 3188 1207 3258 cnut,
1245 3209 1246 3256 l

180 3283 211 3338 et
230 3278 308 3355 quod
320 3279 405 3355 digus
427 3281 608 3341 conficientes
629 3288 716 3358 atque
738 3286 882 3340 sumentes
903 3287 1064 3339 mereantur
1083 3276 1208 3356 gratiam,

138 3408 141 3412 »
178 3365 296 3442 indigne
333 3382 402 3425 vero
435 3385 560 3443 poenam
570 3365 601 3447 t).
644 3367 851 3428 NOVlOlUS:
879 3367 975 3426 Etiam
1011 3369 1036 3426 si
1070 3359 1133 3444 de')
1166 3359 1207 3416 hit

181 3451 371 3526 dubitassem,
407 3453 512 3513 amodo
547 3454 677 3513 dubitare
709 3472 768 3513 non
809 3471 934 3530 possem.
982 3445 1206 3513 MONAOHUS:

199 3569 231 3640 1)
249 3567 292 3621 Cl)
309 3565 570 3621 manducandum.
585 3570 658 3636 -2)
677 3569 765 3621 Homil.
784 3569 824 3622 iv.
844 3587 868 3636 p.
887 3569 951 3624 247:
971 3565 1143 3640 „Proprietorii
1158 3563 1206 3642 sin-

249 3637 314 3707 gulis
333 3640 404 3690 annis
416 3641 675 3702 excommunicantur3
693 3647 718 3690 et
737 3642 757 3691 si
775 3642 801 3690 in
819 3655 906 3691 eorum
924 3649 1006 3691 morte
1019 3637 1136 3691 modicum
1151 3628 1205 3711 quod

250 3710 380 3761 inventum
398 3707 487 3769 luerit,
509 3707 577 3774 quod
595 3709 773 3774 proprietatem
793 3712 889 3774 sapiat,
911 3717 983 3759 extra
1000 3707 1141 3760 cimiterium
1157 3714 1205 3752 sure

190 3813 192 3822 ‚
250 3777 366 3858 omnilrns
383 3774 682 3828 beneficiisChristisnse
698 3777 827 3866 refigionis
845 3793 914 3828 more
932 3777 1074 3829 animalium
1091 3776 1204 3852 brutorum

250 3843 431 3914 sepeliuntur.“
448 3873 478 3884 ·-
499 3845 531 3912 3)
548 3845 604 3898 aer.
623 3846 649 3910 8,
666 3846 708 3897 20.
723 3875 752 3885 -
766 3845 798 3914 4)
816 3845 879 3896 Alll’
897 3846 1032 3914 eulpam.
1047 3875 1076 3886 -
1091 3839 1153 3911 5JC
1170 3854 1206 3889 rn-
