2512 4254
301 269 357 330 un
378 267 562 330 nrvnnsrs
582 244 858 330 valcamus(
1031 267 1070 326 er
1176 311 1179 322 .

70 393 127 452 tiens
148 394 280 468 passionis
308 399 375 452 tuae
395 392 475 451 luero
496 390 671 450 recordatus.
713 389 752 448 Et
772 389 926 448 Dominus:
953 385 1076 448 Habeas

69 479 109 538 tibi
132 478 197 538 hanc
223 481 353 556 gratiam.
395 473 444 538 Ab
466 477 514 538 illa
535 478 610 537 enim
631 477 703 536 hora
724 479 797 536 sleut
819 475 930 549 audivi,
959 471 1073 550 quando

70 564 99 624 de
123 569 243 641 passione
265 565 381 626 Christi·
398 567 522 641 cogitare
544 571 595 624 aut
615 563 693 639 loqui
721 565 830 638 coepit,
852 578 919 621 mox
939 560 1074 620 lacrimae

67 659 205 728 enrpemnt
250 653 312 712 Nec
340 655 453 711 mirum.
496 651 624 710 Christus
651 651 740 711 desua
768 652 829 724 ipse
859 655 903 707 est
929 647 1000 706 silex
1027 647 1074 706 ille

66 733 269 814 limpidissimus,
291 741 341 816 qui
368 755 459 814 aquas
479 737 673 798 indeficientes
702 735 766 796 filiis
788 733 878 794 Israel
904 735 1075 793 ministravit

67 827 205 886 indeserto.
246 823 501 886 Bibebcntomaes
516 825 550 884 de
562 825 689 900 spiritali
709 829 900 899 emacepnente
914 823 1057 896 eospetra
1064 839 1075 896 ,·

64 920 136 986 petro
155 921 250 972 autem
272 919 335 972 erat
355 911 487 972 Christra
503 907 531 990 ¹).
573 909 775 971 NOVIOEUS:
798 905 950 986 Quomodo
966 911 1010 966 est
1029 905 1076 966 in·

68 997 229 1076 telligendum
243 999 299 1059 hoo
310 997 387 1076 quod
408 998 438 1058 in
456 998 571 1058 Psalmo
592 998 710 1075 legitur:
732 999 883 1056 Percussit
897 1001 1026 1072 petram,
1049 999 1077 1053 et

65 1085 196 1160 duamani
210 1105 322 1163 aquea·
343 1087 481 1145 abierunt
498 1090 530 1144 irc
543 1089 617 1144 siem
629 1081 808 1164 fluminass?
839 1077 1074 1142 MONACHUS:

66 1171 127 1232 Nota
145 1177 186 1234 est
205 1173 240 1233 de
261 1171 318 1233 hoc
338 1173 471 1247 historia,
495 1168 631 1249 allegoria
652 1173 720 1231 satis
741 1172 861 1248 usitata,
893 1167 999 1229 idcirco
1021 1167 1075 1228 ali-

67 1258 122 1333 quid
139 1257 217 1341 trhl³)
246 1259 339 1338 dicere
369 1261 434 1319 volo
463 1258 541 1334 quod
568 1261 711 1335 praesenti
738 1257 840 1318 visioni
861 1259 1013 1334 congruat,
1048 1255 1077 1314 et

66 1353 170 1408 mentem
189 1353 269 1408 tuam
291 1345 433 1407 moraliter
453 1345 593 1406 aedificet.

396 1533 629 1598 carnutum
656 1533 728 1596 ΧΠ.
825 1511 829 1518 ’

92 1660 233 1736 Quonam
254 1661 474 1736 intellipendom
495 1663 551 1720 sit:
575 1661 726 1718 Percussit
741 1664 870 1734 petram,
892 1663 921 1716 et
941 1661 1045 1717 ecura.

116 1793 258 1859 Percussit
272 1803 407 1874 petram,
442 1805 471 1858 et
492 1804 594 1858 cetera.
636 1795 801 1858 Secundum
820 1791 995 1855 intellectum
1017 1801 1077 1854 tro-

66 1875 216 1962 pologn'cum,
236 1886 266 1944 id
281 1891 324 1945 est
337 1885 482 1960 moralem,
503 1885 621 1962 Moyses
635 1883 720 1945 homo
744 1889 788 1943 est
803 1882 969 1957 claustralis,
992 1899 1078 1960 quem

66 1967 137 2047 Regis
156 1971 219 2048 lilia,
240 1972 270 2031 id
292 1978 335 2032 est
352 1973 444 2049 gratia
463 1972 566 2047 divina,
587 1969 806 2032 misericorditer
826 1967 891 2029 tulit
912 1971 947 2029 de
963 1969 1078 2029 flumine

13 2065 15 2080 ’
66 2058 127 2118 ritae
146 2059 305 2119 saecularis.
336 2057 541 2135 Interpretatur
556 2059 630 2118 enim
644 2055 772 2136 Moyses,
793 2062 923 2134 sumptus
945 2074 980 2115 ex
994 2073 1078 2131 aqua.

66 2135 149 2222 Petra,
176 2145 267 2206 cordis
290 2152 333 2206 est
360 2145 477 2222 duritia3
506 2149 608 2223 virga,
631 2163 700 2206 cmx
721 2145 886 2220 Dominica3
915 2145 1077 2219 percussio,

64 2233 184 2303 passionis
206 2231 309 2292 Christi
336 2231 519 2292 recordatio..
545 2231 650 2292 Petrae
672 2233 785 2306 scissio,
817 2231 910 2290 cordis
932 2235 975 2290 est
997 2246 1078 2289 com·

64 2321 184 2390 pmcdo.'
210 2319 261 2379 Bis
283 2319 401 2397 Moyses
429 2325 461 2379 nt
490 2315 625 2398 legitur-t)
647 2322 787 2395 percussit
808 2319 930 2392 silicem,
960 2323 989 2375 et
1010 2323 1078 2376 tunc

65 2405 168 2476 primum
187 2407 312 2484 profudit
324 2406 343 2488 ⁵)
370 2423 484 2484 aquam.
527 2407 640 2466 Primus
669 2409 742 2465 ictus
764 2409 885 2481 pertinet
905 2403 944 2464 ad
964 2405 1077 2480 passio-

66 2491 100 2548 nis
115 2491 210 2553 Christi
229 2497 405 2571 memoriam,
426 2492 569 2553 secundus
591 2493 629 2553 ad
650 2487 727 2568 passi
743 2494 978 2568 compassionem.
1020 2490 1078 2550 Ju-

67 2573 139 2638 daens
157 2580 261 2641 adicem
284 2581 373 2640 semel
393 2583 530 2657 pereutit,
552 2583 620 2655 quia
642 2580 784 2639 Christum
806 2597 923 2656 passum
946 2578 1078 2653 qnando·

67 2677 111 2736 qne
130 2670 237 2743 cogitat,
259 2667 389 2727 sednon
412 2670 597 2744 compatitur,
620 2674 648 2726 et
669 2667 734 2726 ideo
756 2684 805 2726 cor
827 2669 887 2726 eius
909 2664 1000 2723 scindi
1020 2681 1078 2723 non

66 2757 144 2822 potest
168 2753 204 2814 ad
231 2754 378 2830 lacrimas,
408 2756 511 2832 quibus
533 2754 632 2814 abluat
652 2771 705 2814 sua
725 2759 854 2830 peecata
896 2751 942 2810 Tu
963 2767 1032 2810 vero
1054 2750 1078 2808 si

67 2837 209 2914 captationi
223 2845 450 2919 compassionem
466 2841 616 2916 addideris,
637 2847 747 2917 petram
760 2840 805 2900 bis
827 2838 959 2915 percutis,
980 2843 1009 2896 et
1029 2834 1079 2896 vix

68 2937 117 2984 esse
140 2931 239 3003 poterit
267 2931 336 3004 quin
358 2946 407 2988 cor
428 2935 508 2987 tuum
530 2928 674 2987 scindatur
695 2927 732 2988 ad
752 2926 1017 3002 compunctionem,
1051 2929 1079 2984 et

68 3003 164 3074 lumina
177 3013 356 3076 lacrimarum
376 3015 443 3074 inde
458 3017 666 3091 emmpentium
679 3033 732 3090 per
746 3013 845 3073 oeulos
860 3018 970 3087 exeant,
991 3017 1079 3088 atque

68 3111 108 3168 ptr
130 3101 252 3162 maxillas
283 3097 448 3178 decurrant,
466 3109 507 3178 ⁸et
533 3097 648 3182 quasi⁶)
676 3103 802 3162 insieco
832 3099 964 3173 flumina,
994 3101 1079 3160 etiam

69 3181 156 3260 mpetu
176 3208 225 3249 suo
248 3195 352 3250 terram
365 3188 523 3249 infundant.
566 3187 767 3250 NOVICIUS:
788 3185 889 3246 Placet
911 3185 989 3262 quod
1001 3185 1078 3245 dicis.

69 3264 276 3338 llONACHUS:
300 3277 385 3353 Quod
406 3275 512 3336 Christi
537 3277 633 3352 passio
666 3275 807 3336 medicina
835 3279 874 3334 sit
894 3279 993 3334 contra
1013 3281 1078 3333 ten·

69 3355 176 3438 tationes,
195 3364 288 3426 dicam
311 3363 361 3424 tibi
381 3382 433 3440 per
455 3361 594 3440 exempla.

84 3629 108 3698 ¹)
121 3633 171 3688 Cor.
188 3637 206 3702 l,
224 3639 266 3704 10,
283 3640 309 3691 t.
329 3667 359 3678 -
379 3637 411 3707 2)
429 3636 493 3690 Psal.
513 3636 572 3700 104,
590 3635 631 3688 41.
652 3665 683 3676 -
702 3635 734 3702 3]
752 3633 794 3686 BD
813 3633 873 3686 tihi
892 3629 1027 3699 aliquid.
1046 3658 1077 3665 -

123 3703 151 3772 4)
165 3703 262 3760 Numer.
281 3707 324 3771 20,
343 3707 383 3759 11.
404 3737 434 3746 -
454 3707 485 3776 5)
503 3703 524 3757 B
543 3705 704 3772 produxit.
724 3733 754 3743 -
773 3703 805 3770 6)
824 3701 889 3754 aar)
911 3711 1078 3764 erumpen-

123 3780 167 3826 tes
191 3805 223 3818 ·-
247 3777 462 3838 decurrentes
497 3776 609 3844 quasi,
634 3772 877 3838 Perumpeutia
904 3793 935 3808 -
964 3765 1078 3816 decur-

123 3848 223 3900 rentia
240 3848 343 3916 quasi.
