2512 4254
164 247 226 310 las
500 243 728 310 Dissmccto
749 237 861 311 NONA

160 365 367 432 NOVIUIUS:
388 363 583 450 Antequam-¹)
606 370 732 430 visiones
754 367 910 445 edisseras,
931 371 1000 444 peto
1021 365 1187 428 utbreviter

161 473 209 516 me
223 453 367 531 expedias,
388 455 506 531 quidsit
526 453 611 536 hoc²)
633 461 852 531 sacramentum,
873 472 1009 532 quaeres
1022 455 1188 527 sacramenti,

162 541 1187 620 quaecauseinstitutionis,quseforma,quismoduscouversionis,quis

162 628 448 705 modussumptionis.
458 627 742 690 Mounciiusme
753 635 931 690 sacramento
942 627 1187 690 eucharistiaetrs·

163 715 300 776 otaudum
329 723 373 776 est
401 733 467 775 oum
494 719 595 776 timore
624 733 659 776 ac
687 718 860 791 reverentia,
892 718 962 792 quia
988 717 1080 792 magis
1099 716 1127 773 in
1142 713 1186 772 illo

162 809 298 880 operatur
317 799 389 862 tides
410 819 498 878 quarn
518 805 591 862 ratio
613 804 747 862 humana.
779 802 858 862 Audi
877 809 975 861 temen
989 803 1187 878 breviterquaa

162 891 285 950 nidores
312 891 402 948 nostri
431 889 466 949 de
494 889 543 950 illo
571 896 729 951 senserunt.
771 889 840 950 Tria
868 895 936 949 sunt
963 891 994 947 iu
1021 893 1186 949 sacramento

162 976 219 1037 hoc
232 975 446 1052 considerando,
467 994 556 1036 unum
581 976 659 1052 quod
680 983 792 1036 tautum
814 982 857 1036 est
878 981 1104 1052 sacramentum
1124 974 1187 1034 alte-

163 1081 244 1140 rum,
267 1058 345 1139 quo'd
367 1070 411 1122 est
431 1071 640 1123 sacramentum
662 1071 691 1124 et
708 1082 768 1140 res;
790 1065 919 1138 tertium,
941 1062 1019 1138 quod
1041 1068 1085 1122 est
1104 1079 1145 1120 ros
1161 1065 1187 1118 et

162 1169 221 1212 non
249 1145 467 1211 sacramentum.
509 1149 713 1211 NOVICIUS:
741 1150 817 1226 Quid
840 1156 883 1210 est
902 1155 1112 1210 sacramentum
1130 1155 1187 1206 tan·

164 1236 247 1298 tum?
290 1234 525 1297 MONAOHUS:
547 1237 664 1314 Species
685 1237 803 1297 visibilis
824 1238 907 1313 panis
930 1241 959 1295 et
975 1237 1044 1294 vini.
1085 1232 1186 1294 NOVI·

165 1323 269 1384 OIUS:
301 1323 378 1399 Quid
407 1331 450 1383 est
471 1319 681 1384 sacramentum
703 1330 732 1384 et
752 1323 820 1386 res?
862 1321 1098 1384 MONAOHUS:
1125 1319 1186 1382 tuo

88 1449 93 1456 -
165 1411 269 1472 Christi
289 1412 405 1486 proprie
426 1417 454 1470 et
476 1413 601 1487 sanguis.
643 1409 845 1471 novicius:
867 1408 943 1486 Quid
965 1415 1008 1469 est
1029 1426 1075 1470 res
1096 1415 1123 1469 et
1139 1423 1187 1466 non

66 1519 68 1524 ·
164 1496 396 1558 sacramentum?
427 1495 664 1558 MONACHUS:
684 1497 810 1575 Mystico
826 1496 931 1556 Christi
951 1513 1036 1572 caro,
1056 1493 1187 1556 Ecclesiae

164 1585 273 1646 scilieet
310 1586 414 1644 unitos.
464 1583 667 1648 NOVIOIUS:
702 1584 797 1660 Quare
837 1584 938 1643 dcitur
970 1575 1187 1644 sacramentum?

103 1692 107 1699 ·
164 1669 400 1732 MONACHUS:
430 1671 505 1747 Quia
531 1689 631 1731 sacrae
662 1673 702 1731 rei
724 1679 768 1732 est
788 1674 909 1748 signum.
950 1669 1041 1730 Aliud
1060 1671 1100 1730 ibi
1117 1667 1188 1728 uide-

68 1799 95 1824 ,-
165 1766 227 1834 tur,
256 1765 285 1818 et
305 1757 383 1818 aliud
403 1759 444 1817 ibi
466 1757 598 1817 creditur.
639 1756 841 1818 NOVICIUS:
872 1749 953 1834 Quae¹
974 1758 1028 1817 l'uit
1049 1773 1133 1817 causa
1149 1756 1188 1812 in·

165 1839 355 1906 stitutiobisl'
383 1842 619 1906 MONACHUS:
641 1845 717 1921 Quia
737 1845 894 1920 Dominus,
917 1852 949 1903 ut
970 1844 1039 1904 dicit
1059 1842 1186 1902 Eusebius

165 1926 356 2013 Emisenus2),
378 1948 481 2007 corpus
493 1939 673 2008 assumptum
686 1933 833 1992 ablaturus
852 1937 912 1992 erat
928 1931 965 1991 ab
988 1931 1077 1991 oculis
1090 1929 1187 2000 uostris,

133 2027 136 2034 '
167 2026 198 2080 ct
208 2017 338 2082 illaturus
351 2018 499 2094 sideribus,
515 2036 632 2078 necesse
648 2026 709 2079 orat
721 2025 754 2078 ut
767 2021 796 2078 in
809 2019 854 2079 die
866 2018 980 2078 (leenae
993 2022 1187 2078 sacramentum

166 2107 228 2168 veri
249 2107 376 2181 corporis
397 2112 426 2164 et
446 2108 591 2182 sauguinis
607 2112 794 2182 consecraret,
815 2113 848 2165 ut
869 2105 1009 2166 coleretur
1030 2107 1127 2182 ingiter
1145 2117 1187 2178 per

167 2194 356 2270 mysterium,
377 2192 454 2267 quod
476 2193 565 2252 semel
587 2195 758 2253 offerebatur
778 2196 808 2252 in
829 2195 960 2270 pretium.
1002 2187 1186 2252 NOVICIUS:

168 2279 252 2357 Quae
275 2285 318 2340 est
339 2279 446 2339 utilitas
467 2279 497 2338 in
518 2281 574 2340 hac
593 2279 789 2341 institutione?
832 2277 1068 2340 MONACHUS:
1088 2274 1188 2354 Duplex

153 2369 214 2432 'est
232 2369 262 2426 iu
284 2383 319 2426 eo
341 2367 456 2442 utilitas,
478 2369 546 2443 quia
566 2369 596 2426 in
616 2367 691 2428 illius
712 2369 893 2444 perceptione
916 2371 1037 2442 augetur
1058 2367 1147 2436 virtus,
1163 2358 1187 2418 iil

169 2460 215 2516 est
242 2456 360 2528 caritas,
394 2459 422 2513 et
450 2460 495 2513 est
521 2455 664 2515 medicina
696 2455 878 2530 quotidianae
899 2453 1080 2512 infirmitatis.
1119 2445 1188 2510 Unde

169 2539 360 2618 Augustinus:
372 2537 496 2601 Iteratur
509 2541 635 2616 quotidie
656 2541 729 2602 haec
751 2542 866 2615 oblatio,
887 2540 954 2600 licet
968 2529 1189 2599 constus‘senei

170 2646 273 2705 passus
295 2630 342 2702 sit,
361 2629 429 2704 quia
444 2627 569 2704 quotidie
587 2647 740 2704 peccamus
762 2630 897 2706 peccatis,
919 2629 980 2694 siue
1002 2627 1105 2704 quibus
1124 2638 1189 2684 mor-

170 2715 236 2776 talis
261 2714 409 2774 infirmitas
435 2718 533 2775 vivere
561 2733 619 2776 non
648 2722 755 2792 potest,
785 2722 814 2776 et
835 2717 903 2792 quia
925 2713 1051 2790 quotidie
1071 2713 1190 2780 labimur,

171 2801 297 2878 quotidie
320 2801 449 2862 Christus
470 2820 522 2879 pro
544 2804 627 2863 nobis
649 2805 768 2881 mystice
791 2802 962 2864 immolatur.
1004 2793 1190 2861 NOVIOIUS:

172 2889 255 2966 Quae
287 2895 331 2950 est
361 2889 452 2950 forma
483 2890 568 2950 huius
597 2888 788 2950 sacramenti?
838 2887 1072 2949 MONACHUS:
1102 2887 1191 2946 Forma

172 2976 327 3036 attenditru
339 2979 369 3035 in
380 2978 477 3036 verbis
490 2983 521 3037 et
530 2980 559 3035 in
573 2978 669 3036 rebus.
707 2978 742 3036 In
756 2976 860 3051 verbis,
873 2978 942 3053 quia
957 2993 1023 3034 cum
1036 2974 1108 3035 hacc
1119 2970 1192 3032 verba

172 3063 367 3140 proteruntur,
393 3064 459 3124 Hoc
481 3071 523 3124 eet
544 3082 650 3140 empus
671 3082 780 3138 meum·
802 3070 831 3123 et
850 3068 925 3139 post,
945 3063 1005 3122 Hie
1027 3069 1069 3121 eet
1088 3057 1192 3134 cnop&

172 3167 264 3224 meus,
302 3154 450 3210 conversio
479 3151 511 3210 fit
538 3155 620 3226 panis
648 3153 756 3214 etvini
786 3151 817 3209 in
849 3166 952 3226 corpus
986 3153 1015 3208 et
1043 3147 1193 3224 sauguinem

175 3234 288 3295 Christi.
329 3235 413 3296 Unde
435 3236 621 3298 Ambrosius:
643 3237 780 3297 Sermone
797 3236 902 3297 Christi
922 3235 978 3295 hoc
993 3235 1136 3296 conficitur
1154 3245 1194 3288 sa·

174 3329 367 3398 crementum,
395 3325 462 3398 quia
489 3343 582 3386 sermo
605 3324 709 3384 Christi
737 3331 896 3385 creatricem
916 3329 1024 3400 mutat,
1057 3328 1085 3383 et
1111 3321 1148 3380 sic
1166 3329 1195 3375 ex

174 3425 250 3486 pane
270 3409 304 3467 tit
325 3426 430 3485 corpus
451 3411 569 3488 Chnsti,
597 3419 626 3472 et
646 3415 746 3472 vinum
768 3430 835 3471 cum
855 3428 932 3486 aqua
952 3412 982 3469 iu
1004 3409 1120 3470 calicem
1138 3405 1195 3464 mis·

175 3513 240 3557 sum
267 3495 300 3556 lit
328 3499 458 3574 seuguis,
488 3501 700 3560 consecratione
728 3498 810 3560 verbi
831 3498 971 3558 coelestis.
1012 3487 1195 3566 uowciuS:

176 3583 248 3660 Quis
280 3588 324 3644 est
354 3583 457 3646 modus
491 3585 705 3652 conversionis?
758 3583 994 3646 MONACHUS:
1030 3581 1134 3643 Modus
1162 3581 1196 3636 cst
1228 3627 1230 3636 .

195 3752 227 3824 l]
244 3751 456 3878 Pezntsequum
474 3753 679 3825 mihi.-2)B
698 3753 850 3824 quidhoc
868 3749 1196 3822 sit.-3]BOPltnie

247 3841 260 3877 s
308 3841 326 3875 u
347 3863 354 3876 .
