2512 4254
185 265 247 342 rv'o
527 259 756 342 bisimobio
777 263 888 342 boba

540 469 781 550 commum
800 470 856 550 iv.

250 593 300 672 'ne
319 609 464 688 apocope
485 591 633 671 nemeae
653 613 706 688 qne
728 609 876 671 marem
897 595 971 670 vtae
991 611 1024 671 te
1045 611 1141 673 ascaro

244 750 424 812 Venerabilis
451 749 611 827 Episcopus
621 746 639 830 ¹)
667 749 807 811 Livoniae
836 755 865 810 et
891 751 1027 828 magister
1046 751 1202 812 Lambertru

179 841 315 900 Decanus
337 844 501 898 sarcarum
521 836 728 914 Apostolorum
749 841 778 896 in
801 836 929 912 Colonia,
951 855 1018 898 cum
1039 845 1106 899 ante
1126 854 1202 912 anuos

179 943 288 1004 paucos
315 923 400 984 simul
427 923 467 984 ad
488 927 596 984 curiam
616 929 768 1002 pergerent
783 924 979 1000 imperialem,
1013 931 1042 984 et
1062 928 1092 985 in
1112 924 1201 986 riade

179 1014 325 1090 scripturis
337 1013 599 1088 sermocinarentur,
622 1013 707 1071 etiam
725 1011 833 1072 mentio
855 1011 955 1072 habita
977 1018 1022 1072 est
1042 995 1078 1072 de
1100 1027 1202 1088 corpore

178 1101 304 1161 Domini.
352 1099 472 1164 Decano
506 1101 537 1156 in
564 1097 621 1159 hoc
649 1103 828 1160 sacramento
852 1099 991 1158 efferente
1019 1099 1105 1160 fidem
1132 1099 1201 1174 (ibri

178 1189 315 1261 stianam,
360 1185 520 1261 Episcopus
558 1185 719 1262 respondit:
765 1185 827 1262 Ego
865 1186 933 1245 novi
961 1186 1139 1247 sacerdotem
1163 1183 1201 1261 qui

178 1291 272 1350 nuper
298 1271 388 1332 oeulis
418 1272 612 1349 corporalibus
642 1271 786 1332 Christum
812 1275 843 1331 in
870 1273 960 1346 attari
979 1271 1060 1333 vidit
1101 1272 1201 1348 Aque

130 1399 132 1406 ι
174 1379 244 1420 λοιιη]
279 1360 415 1420 Decanus
450 1377 603 1434 personam
638 1359 719 1440 mute
752 1362 862 1419 visione
899 1359 1016 1436 dignam
1049 1366 1200 1436 extorquere

169 1455 246 1521 ¹tunc
275 1465 334 1507 non
356 1448 525 1524 potuisset,
545 1446 644 1506 nltium
672 1446 719 1506 dic
740 1446 862 1522 ‘quando
891 1447 1044 1522 separandi
1072 1454 1149 1508 erant
1170 1445 1199 1504 ab

176 1537 300 1595 invicem
327 1533 488 1611 Episcopus
514 1535 540 1594 ei
562 1533 715 1610 ,confessus
742 1539 785 1592 est
813 1535 881 1610 quia
907 1536 970 1609 ipse
999 1541 1084 1595 esset
1131 1533 1200 1592 Haec

171 1621 254 1702 ‘idem
285 1621 421 1698 Decanus
449 1621 545 1682 retulit
570 1621 737 1696 Praeposito
760 1617 958 1701 ·Pleysensi²),
993 1629 1022 1680 et
1048 1624 1109 1698 ipse
1135 1619 1200 1680 mibi

107 1731 111 1736 ·
177 1709 262 1786 Quod
284 1708 446 1769 veroDeus
468 1707 664 1767 dubitantibus
686 1707 722 1766 de
742 1706 799 1768 hoc
821 1713 998 1768 sacramento
1021 1709 1108 1770 atiar'n
1126 1722 1198 1768 suan

177 1814 293 1858 carnem
315 1795 454 1870 ostendat,
475 1795 654 1870 subsequens
672 1811 768 1856 sermo
790 1794 925 1856 declarat.

553 1997 786 2064 CAPITULUM
806 2002 844 2064 V.

89 2112 99 2130 ‘
220 2125 268 2184 Dc
288 2115 439 2184 antedoce
455 2123 496 2183 ‘de
509 2105 749 2212 Weckiadisbaap
771 2127 824 2201 qens·
838 2107 877 2184 'ia
898 2125 1012 2184 aeaeae
1034 2123 1166 2184 dubitata

518 2209 590 2270 nteit
611 2210 735 2272 medam
758 2225 885 2271 comen.
1005 2229 1018 2244 “
1136 2221 1139 2231 ⁸

240 2331 376 2400 Nondum
396 2337 474 2407 :puto
504 2331 576 2392 duos
602 2335 694 2392 annos
724 2337 787 2392 esse
817 2331 945 2410 elapsos,
964 2331 1053 2408 ¹quod
1077 2293 1199 2392 sacerdos

174 2419 294 2494 qudam
321 2419 359 2478 de
387 2426 566 2479 sacramento
585 2421 722 2495 'corporis
741 2419 857 2478 'Ohristi
884 2419 1034 2495 dubitans,
1060 2422 1090 2478 iu
1119 2423 1198 2478 carbo

175 2508 223 2568 cui
249 2522 354 2566 nomen
379 2500 453 2586 est³)
485 2506 718 2582 Wickindisburg
733 2507 903 2566 celebravit
946 2506 1091 2582 Quicum
1110 2506 1139 2563 in
1156 2519 1198 2562 ea·

175 2610 250 2654 noue
283 2593 321 2652 de
352 2600 413 2652 tam
444 2593 565 2654 mirabili
597 2595 782 2653 conversione
810 2595 893 2668 pariis
918 2595 949 2652 iu
978 2610 1082 2669 eorpus
1109 2589 1199 2651 chosi

175 2673 273 2762 satis⁴)
289 2681 450 2755 haesitaret,
471 2680 613 2740 Dominus
628 2682 653 2740 ei
666 2682 699 2738 in
711 2680 809 2740 hostia
822 2679 1075 2740 e'a'memcrudam·
1083 2675 1199 2739 ostendit

175 2768 260 2828 Hanc
284 2786 354 2828 oum
372 2767 498 2828 'vidisset
524 2769 609 2828 etiam
635 2769 682 2826 vir
701 2767 811 2828 nobilis
836 2767 1022 2842 widekindo,
1042 2773 1126 2826 stans
1140 2767 1199 2840 post

83 2925 86 2932 Ι
175 2862 288 2933 tergum
317 2857 393 2930 eius,
421 2855 506 2914 ¹diota
532 2855 621 2914 mIssa
649 2853 828 2914 sacerdotem
855 2857 884 2912 in
911 2859 1024 2930 partein
1051 2855 1147 2928 traxit,
1176 2853 1199 2908 st

175 2944 245 3016 quid
269 2942 342 3002 infra
364 2958 503 3002 canonem
525 2943 614 3019 egerit
633 2941 681 3002 vel
703 2943 870 3018 cogitaverit
891 2941 1041 3018 diligenter
1060 2937 1199 3016 inquisivit

158 3027 227 3111 'Ille
255 3045 325 3088 vero
353 3035 414 3088 tarn
442 3029 479 3088 de
507 3031 617 3090 visione
639 3035 727 3104 quam
748 3026 813 3108 de⁵)
841 3028 1199 3105 interrogationum,

175 3114 321 3174 confessus
348 3123 392 3176 est
421 3121 449 3176 et
477 3133 535 3176 non
561 3119 678 3194 negavit
701 3133 735 3175 se
762 3115 864 3176 eadem
884 3116 956 3174 hora
977 3115 1014 3174 tie
1036 3113 1198 3174 sacramento

175 3200 330 3261 dubitasse.
379 3203 419 3261 Et
454 3205 549 3262 retulit
575 3210 696 3279 uterque
724 3202 805 3262 alteri
831 3219 865 3262 se
894 3201 1014 3261 cindam
1042 3197 1197 3262 cernendi

173 3287 269 3346 hostia
286 3287 400 3349 vidisse.
443 3290 526 3349 idem
543 3290 714 3352 Widckinus
735 3289 822 3350 filiam
843 3289 933 3349 habet
953 3288 1059 3364 Syiridi
1079 3287 1114 3348 de
1126 3287 1197 3346 Run-

174 3374 222 3434 kel
242 3376 272 3432 in
294 3377 434 3451 coniugio,
455 3377 544 3436 filiam
566 3379 669 3436 sororis
690 3375 864 3436 Abbatissae
886 3375 922 3436 de
943 3369 1197 3456 Rindorp‘),q11³⁰

174 3462 243 3520 mihi
271 3477 347 3521 anno
374 3466 528 3537 praeterito
557 3463 678 3524 eandem
704 3466 844 3524 visionem
870 3465 1009 3524 recitavit.
1050 3463 1102 3524 Vis
1123 3459 1196 3520 etiam

194 3649 224 3718 t)
241 3656 269 3700 ut
286 3645 489 3714 puto,'dctninus
508 3643 691 3710 Theodericus,
712 3645 745 3698 de
762 3659 812 3718 quo
831 3647 907 3715 supra
924 3647 988 3710 vni,
1000 3647 1047 3700 ι13.
1066 3638 1107 3700 Bi).
1121 3655 1152 3683 '—
1164 3639 1194 3706 ²)

242 3715 301 3771 vide
317 3717 349 3780 V,
368 3713 409 3768 13.
429 3745 459 3756 -·
479 3717 578 3782 3)'est
596 3716 644 3767 add
663 3715 711 3768 ΒΟ.
730 3745 763 3756 -
781 3719 814 3786 4)
831 3719 913 3769 satis
931 3715 981 3769 add
998 3717 1048 3770 Bc.
1069 3745 1098 3756 -
1116 3713 1144 3780 5)
1162 3709 1194 3760 (10

243 3784 467 3918 δῖᾖὲὶὲηζ-Βξ)
485 3783 625 3836 Rbeindori
643 3783 792 3837 coenobium
814 3787 971 3853 monialium,
996 3789 1066 3839 iuxta
1089 3778 1195 3838 flamen?
