2512 4254
142 268 182 326 84
276 273 280 290 '
452 263 680 326 DISTINOTIO
704 261 867 325 OCTAVA

112 377 119 392 '
142 386 178 446 lis
199 385 309 463 dignior
329 387 366 446 sit
380 386 528 464 corporali,
548 390 749 464 magistamen
770 403 816 446 me
831 385 955 446 delectat
968 385 1065 446 audire
1080 403 1173 448 exem·

1247 170 1253 359 l

143 473 193 549 ple
214 474 324 548 deista,
345 476 413 550 quia
430 475 568 535 coelestes
582 477 705 550 spiritis,
726 475 787 533 sive
809 473 887 550 quod
905 475 998 532 maius
1012 481 1064 549 est,
1085 476 1173 550 ipsum
1254 481 1255 534 ξ

146 567 302 622 creatorem
330 564 480 637 spirituum
513 561 602 621 oculs
631 562 773 636 corporeis
793 577 883 635 posse
906 560 1016 636 videre,
1046 563 1174 620 omnibus

145 648 302 708 visionibus
323 654 475 724 antepono.
517 645 752 708 MONACHUS:
779 647 928 706 Visionem
956 665 1033 708 nunc
1060 648 1113 708 tibi
1132 665 1174 708 re·
1254 673 1255 680 ¹

144 735 242 809 feram,
263 735 299 796 de
322 753 380 810 qua
399 735 525 796 indicare
546 735 650 809 debes,
670 742 766 794 utrum
788 733 940 810 spiritualis
960 737 998 796 sit
1017 753 1056 794 an
1078 751 1176 812 corpo·
1247 748 1253 851 ἱ

145 821 227 898 ralis3
249 828 293 883 est
314 824 392 883 enim
413 821 450 882 de
470 823 619 882 nativitate
641 821 754 902 Christi.

515 977 749 1038 CAPITULUM
778 978 815 1038 V.

147 1099 359 1158 Demonacte
388 1103 440 1174 qui
463 1098 611 1158 Christum
633 1105 719 1175 quast
739 1105 870 1158 recenter
890 1106 998 1159 actam
1018 1099 1094 1174 cidit
1115 1115 1177 1157 curn
1251 1087 1255 1152 ἒ

519 1187 622 1246 Mario
645 1193 672 1246 et
693 1187 812 1271 Josepb.

152 1356 156 1362 .
212 1305 247 1364 ln
269 1304 400 1365 Claustro
421 1305 579 1366 monachus
608 1307 724 1382 quidam
752 1308 780 1364 in
807 1286 996 1384 magna-erat
1017 1305 1178 1376 devotione,
1251 1307 1252 1344 ³

151 1401 180 1452 et
207 1391 357 1452 videbatur
388 1393 495 1452 bonam
523 1393 580 1452 Dei
608 1412 724 1452 inanum
754 1411 840 1469 super
869 1412 899 1452 se
926 1394 1033 1453 habere
1047 1390 1073 1474 ¹).
1116 1393 1180 1452 Erat
1248 1412 1252 1463 ς

151 1481 256 1555 quippe
281 1481 310 1537 in
332 1496 418 1555 opere
440 1497 576 1539 manuum
598 1487 746 1556 suenuus,
774 1483 803 1538 in
827 1483 954 1539 oratione
977 1487 1006 1538 et
1024 1479 1180 1556 psalmodia
1247 1471 1252 1541 l

152 1567 280 1642 devotus,
294 1572 396 1642 potens
406 1566 444 1626 ad
454 1567 637 1644 vigilandum,
653 1574 681 1626 et
691 1569 803 1627 fervens
814 1568 851 1626 ad
863 1567 1010 1642 quodlibet
1019 1569 1181 1626 iniunctum.
1250 1604 1253 1619 ι

152 1653 281 1729 Cumque
299 1659 358 1712 tam
372 1654 480 1712 bonum
496 1656 570 1714 eirca
591 1655 695 1732 festum
718 1653 852 1713 Omnium
874 1653 1044 1714 Sanctorum
1067 1653 1179 1713 habuis·
1249 1662 1253 1705 ’ἐ

152 1737 221 1820 seu)
244 1743 380 1817 spiritum,
403 1743 519 1816 eiusque
538 1741 647 1799 nudum
670 1739 748 1821 aut³)
770 1741 914 1800 modicum
936 1740 1105 1817 perplures
1127 1738 1182 1798 dies

151 1831 286 1886 sensisset
307 1827 521 1902 detrimentum,
548 1831 656 1904 coepit,
676 1845 733 1886 non
756 1833 815 1886 tam
837 1827 974 1887 audacter
995 1845 1084 1904 quam
1104 1841 1182 1886 reve·

126 1922 245 1973 ‘rentes
279 1933 298 1974 a
324 1914 449 1974 Domino
485 1915 618 1991 precibus
651 1917 776 1991 exigere,
804 1919 836 1973 ut
865 1931 930 1973 eum
959 1915 987 1972 in
1015 1913 1090 1974 festo
1119 1927 1182 1972 suae

151 2002 347 2060 sanctissimae
381 2003 538 2060 nativitatis
571 2001 761 2077 qualicunque
789 2001 982 2060 consolaretur
1016 2002 1181 2066 visitatione.

152 2087 262 2146 Aderat
285 2089 343 2146 iam
364 2087 460 2164 vigilia
481 2087 644 2148 Natiuitatis
666 2088 850 2163 Dominicae‚
880 2095 907 2146 ct
928 2087 974 2146 illo
996 2089 1122 2147 necdum
1141 2092 1181 2144 te·

152 2179 254 2252 puerat
281 2191 299 2232 a
328 2173 495 2250 devotione,
523 2192 578 2234 nec
605 2191 623 2234 a
652 2175 815 2251 supradicta
844 2175 985 2235 defecerat
1015 2176 1182 2244 intentione,

152 2265 337 2339 praesumens
365 2267 394 2320 et
419 2264 602 2338 praesagiens
623 2261 730 2336 aliquid
753 2261 788 2320 de
811 2261 906 2321 divina
928 2261 1101 2338 dignatione.
1141 2259 1182 2318 De

153 2356 237 2408 nocte
266 2353 363 2407 autem
390 2350 441 2407 ubi
468 2355 626 2408 surrectum
649 2355 692 2408 est
713 2348 751 2408 ad
772 2352 941 2423 matutinas,
972 2353 1071 2408 tantus
1092 2356 1183 2422 torpor

96 2452 99 2458 ·
154 2437 258 2495 invasit
280 2451 383 2510 corpus
404 2437 465 2495 eius
487 2441 516 2494 et
537 2438 662 2495 animam
684 2430 787 2515 eius⁴)‚
812 2442 844 2495 ut
865 2437 951 2495 etiam
972 2435 1102 2496 taederet
1123 2445 1191 2494 eum·

153 2525 260 2582 vivere.
301 2521 422 2580 Intravit
441 2528 540 2581 tamen
562 2522 681 2582 chorum
704 2539 769 2581 cum
790 2521 861 2598 aliis,
886 2522 926 2581 nil
946 2521 1069 2598 psallere
1090 2520 1184 2582 valens

155 2610 219 2670 aut'
232 2607 347 2683 volens,
375 2607 567 2668 dulcissimam
592 2609 670 2667 illam
699 2609 916 2668 sollemnitatem
942 2627 978 2668 ex
999 2615 1060 2670 toto
1083 2613 1117 2668 ut
1134 2603 1183 2665 sibi

157 2695 306 2757 videbatur
341 2697 512 2769 amissurus,
546 2714 564 2755 a
600 2695 740 2755 desiderio
768 2713 820 2755 suo
848 2696 1008 2755 frustratus.
1058 2691 1184 2756 Accessit

156 2801 230 2844 vero,
246 2782 284 2842 ad
307 2800 373 2844 eum
395 2781 467 2841 alius
488 2781 662 2857 monachus,
683 2785 803 2842 innuens
824 2788 857 2841 ut
877 2800 928 2858 pro
950 2785 1013 2858 ipso
1035 2795 1183 2859 responso-

156 2873 231 2930 rium
259 2870 400 2930 decimum
429 2875 543 2928 cantare
573 2869 726 2928 debuisset
775 2869 817 2928 At
843 2869 906 2943 ille,
941 2886 999 2928 non
1027 2869 1183 2928 infirmitate

156 2957 348 3034 praepeditus,
369 2956 421 3016 sed
435 2955 543 3015 desidia
565 2956 702 3030 devictus,
724 2958 837 3033 signum
857 2957 1009 3015 refutabat.
1051 2957 1100 3018 Sic
1121 2966 1183 3028 ergo

155 3033 251 3103 salices
285 3043 349 3102 illas
383 3043 493 3120 uigilias
530 3048 559 3102 et
594 3043 732 3103 sollemne
766 3043 903 3120 gaudium
936 3043 1041 3103 infelici
1075 3050 1184 3117 torpore

156 3130 340 3204 transigebat,
362 3133 467 3206 quippe
483 3147 569 3207 quem
582 3148 636 3190 nec
649 3130 770 3206 psallere
790 3147 845 3190 nec
866 3129 904 3189 ad
924 3133 1104 3205 responsoria
1124 3140 1184 3186 sur·

157 3233 224 3296 gere
244 3216 353 3274 libebat
361 3213 390 3296 ⁶).
432 3217 467 3276 In
489 3217 600 3277 decima
621 3225 717 3276 tamen
737 3216 859 3276 lectione
880 3215 1013 3292 sedebat,
1040 3218 1093 3278 sibi
1113 3212 1184 3288 vigi·

157 3305 218 3364 lans
247 3302 377 3378 quidem,
406 3303 458 3364 sed
480 3304 583 3364 abusis
605 3304 711 3378 oculis,
739 3309 768 3363 et
789 3304 935 3380 cogitabat
955 3304 1101 3363 molestias
1122 3311 1183 3359 suas

224 3417 355 3470 beniamin
390 3417 514 3484 significat
548 3420 654 3486 gratiam
689 3417 922 3483 contemplationis;
962 3419 1055 3471 Rachel
1088 3425 1183 3469 sermm

223 3489 336 3542 rationis.
380 3486 424 3539 llla
450 3486 509 3538 dum
532 3503 579 3554 per
605 3502 734 3538 excessum
760 3489 884 3550 nascitur,
910 3490 972 3549 ista,
998 3488 1023 3540 id
1050 3496 1089 3540 est
1110 3485 1184 3544 ratio,

224 3573 269 3626 per
286 3556 410 3608 delectum
428 3557 541 3608 moritur.
564 3557 663 3608 'Nonne
680 3558 745 3608 ratio
762 3558 787 3607 in
798 3557 921 3622 Apostolo
938 3547 1037 3610 mo‘rtua
1054 3565 1115 3618 erat,
1131 3565 1182 3604 0¹1¹ss

224 3635 355 3695 raperetur
372 3625 403 3677 ad
421 3626 521 3676 tertium
539 3623 674 3676 coelum?“
686 3653 717 3664 —
732 3624 762 3692 l)
777 3624 850 3678 Esdr.
868 3627 887 3690 1,
905 3630 931 3690 7,
949 3628 973 3678 9.
985 3657 1016 3668 -
1032 3629 1064 3695 2)
1077 3627 1098 3678 B
1113 3624 1183 3676 bau·

173 3719 174 3722 ¹
226 3692 821 3762 sisset.-3).B0vel.—4)ciusom
838 3694 909 3754 ll·¹
932 3696 1179 3766 5ADl'quem-

225 3767 362 3830 licebat,
386 3763 406 3820 C
429 3761 512 3832 quod
537 3791 568 3802 —
593 3760 733 3815 valebat.
753 3761 835 3816 Verbo
853 3763 936 3816 libet
953 3766 1087 3818 accusandi
1104 3773 1184 3816 casum

145 3841 147 3844 ’
225 3838 337 3894 adiunxit
348 3837 422 3888 etiam
433 3833 566 3902 Augustin.
577 3829 610 3882 dc
622 3829 695 3882 civit.
707 3829 753 3882 Dei
765 3831 785 3898 l,
796 3833 828 3885 3:
843 3841 949 3902 „poetas
961 3834 1055 3888 libebat
1064 3827 1184 3890 merent
