2512 4254
287 253 342 312 DE
362 249 547 314 Divuitsts
566 249 802 312 marcuinus
1010 258 1068 316 121

57 378 108 450 sito,
127 373 270 436 dammam
291 371 328 433 de
348 371 552 453 capitap‘eins
566 389 683 450 surgere
704 371 783 432 vidit.
815 372 945 434 Vocatur
965 375 1070 459 enimi)

56 461 218 536 Wldrelmus,
239 467 339 536 estque
355 459 490 520 sacerdos
507 460 668 537 religiosus,
689 463 736 519 eui
757 459 847 518 multa
868 459 1001 522 divinitus
1023 483 1071 526 re·

57 548 177 608 volantum
220 547 277 623 Qui
306 547 388 608 dictis
415 550 577 622 matutinis,
606 547 752 606 dominum
780 546 912 624 Sigerum
945 549 1071 612 Priorem

57 634 122 711 adiit,
140 641 169 696 ct
188 634 256 710 quid
279 633 315 694 de
335 635 420 694 iratm
434 633 568 694 Johunne
589 633 692 694 viderit
712 637 851 709 exposuit.
894 634 988 710 Quem
1010 646 1074 700 sta·v

58 725 99 781 tim
124 723 237 782 vocarit
262 718 371 799 Priorr)
394 721 505 780 dicens:
527 720 583 779 Dic
604 721 673 778 milri
701 721 775 779 bone
802 721 889 780 frater
908 721 1071 802 Johamres,

58 809 116 884 quid
140 810 268 885 cogitasti
295 811 324 866 ιιι
351 807 499 882 laudibus,
528 807 642 883 quaudo
663 807 828 867 inchoatum
851 813 895 866 est
916 813 1072 888 canticum,

58 895 215 955 Benedictus
236 896 384 954 Dominus
405 896 488 954 Dens
510 893 627 952 Israel?
648 894 702 953 Cui
722 894 771 954 ille
791 895 949 970 respondit:
973 897 1072 959 Credi-

59 983 163 1042 temlhr
166 982 287 1057 domme,
309 998 362 1058 ego
386 983 517 1058 cogitari,
538 983 562 1039 si
580 997 658 1040 cases
678 984 708 1038 ιιι
731 981 825 1057 coelis,
846 999 904 1041 vox
926 989 976 1044 tua
996 1003 1072 1045 nun-

59 1085 132 1142 quam
157 1075 348 1143 rancesceret,
377 1076 406 1128 et
434 1085 548 1144 semper
573 1067 670 1126 Deum
697 1068 831 1127 laudares
861 1085 927 1128 cnm
956 1074 1073 1150 angelis.

59 1155 90 1213 Et
107 1157 195 1214 Prior.
218 1154 295 1231 Quid
315 1155 468 1214 habuisti·
461 1173 490 1212 m
510 1154 595 1214 corde
616 1155 689 1213 infra
709 1157 796 1213 istum
817 1143 1004 1218 uersiculum:
1032 1162 1072 1222 Ει

60 1249 87 1300 tu
107 1263 180 1317 puer·
199 1243 352 1318 Propheta
372 1243 514 1302 Attiasirnr'
533 1241 704 1300 vocaberis?
732 1240 780 1301 Ad
802 1243 880 1317 quod
901 1247 1003 1305 iterum
1024 1265 1073 1309 rc-

60 1329 172 1404 spondit:
198 1329 244 1388 Ita
265 1345 418 1388 accensum
439 1335 483 1388 est
505 1346 553 1387 cor
574 1345 669 1387 meum
690 1330 720 1386 in
741 1327 812 1388 hora
833 1329 940 1390 illaad
961 1351 1072 1396 memo-

60 1413 148 1495 riam‘)
168 1419 257 1476 sancti
278 1414 420 1475 Johannis
441 1433 527 1491 quem
548 1415 633 1474 valde
656 1414 759 1491 diligo,
780 1423 812 1474 ut
833 1420 881 1475 vir
903 1436 949 1477 me
971 1437 1073 1499 capere

60 1519 159 1578 possem
177 1521 245 1579 prae
265 1501 379 1579 gaudio.
421 1502 459 1561 Et
481 1505 614 1578 cognovit
635 1502 717 1561 Prior
737 1503 814 1578 quod
835 1505 951 1565 flamma
972 1510 1073 1570 eadem

61 1591 157 1665 signum
183 1589 282 1650 luisset
308 1589 548 1648 vehementissimi
577 1591 682 1648 amoris
711 1588 746 1647 de
772 1589 857 1649 corde
886 1592 1074 1657 adolescentis

62 1676 85 1732 in
110 1675 212 1736 cocum
240 1676 428 1737 ascendentis.
470 1675 556 1736 Anno
585 1678 737 1751 praeterito
762 1679 834 1736 visio
855 1677 927 1739 haec
949 1699 967 1740 a
988 1701 1073 1758 prae-

62 1761 125 1822 dicto
137 1763 230 1824 Priore
251 1762 435 1822 Claraevallis
456 1762 547 1822 Priori
569 1763 603 1822 de
619 1762 749 1822 claustro
770 1767 889 1824 recitata
910 1771 962 1844 ost,
982 1788 1074 1846 aquo

63 1863 108 1924 ego
124 1847 197 1909 illam
219 1850 311 1909 didici.

414 2039 646 2100 CAPITULUM
669 2039 703 2099 L.

107 2158 173 2220 ran
194 2162 229 2224 de
248 2163 466 2224 sanctimoniali
486 2162 613 2223 ιιιιιάειιι
633 2163 843 2224 Praeterieris
867 2165 1016 2230 dilectrice.

114 2298 214 2360 Retulit
241 2301 309 2360 milri
337 2299 453 2362 domina
481 2298 697 2382 Irmingardisi)
738 2305 875 2380 magistra
910 2306 946 2368 de
974 2309 1073 2372 Insula

62 2388 136 2444 aucti
155 2387 294 2465 Nycholai
315 2405 390 2447 anno
408 2390 559 2464 praeterito
582 2389 730 2448 cniusdam
756 2394 977 2455 sanctimonialis
1000 2398 1072 2459 bene

63 2471 108 2528 ιίιιι
131 2481 212 2534 notae
232 2477 334 2534 miram
356 2475 536 2536 dilectionem
557 2493 626 2551 erga
646 2475 823 2550 praedictum
844 2479 961 2540 Domini
983 2483 1073 2545 Prae-

63 2571 195 2620 cursorem.
236 2562 306 2622 Plus
314 2559 335 2643 ι)
358 2563 489 2622 omnibus
506 2566 612 2622 sanctis
632 2562 712 2621 illurn
734 2563 838 2624 dilexit.
880 2566 941 2628 Nec
963 2573 1074 2633 suffecit

63 2643 85 2700 ei
108 2645 138 2705 dc
162 2648 208 2707 illo
237 2641 377 2726 cogitare',
405 2648 485 2708 illum
506 2651 649 2724 obsequiis
672 2657 701 2709 et
721 2653 896 2713 orationibus
917 2655 1073 2734 honorare,

63 2736 240 2794 consororibus
251 2735 326 2795 illius
339 2739 552 2814 praerogativas
565 2737 738 2813 praedicare,
759 2742 927 2842 quinetiam
947 2741 986 2802 ad
1005 2762 1073 2821 per-

63 2821 213 2890 petuandam
228 2825 288 2881 cius
302 2825 467 2882 memoriam
483 2823 691 2882 celsificaretur
708 2825 744 2884 de
766 2828 826 2884 eins
847 2833 1074 2908 annunciatione,

63 2909 203 2985 naturate,
238 2915 267 2968 et
293 2910 399 2985 gaudio
427 2917 585 2985 pareutum.
633 2910 773 2971 Litterata
799 2913 938 2988 siquidem
966 2917 1073 2997 tuerat,

64 2999 84 3048 at
101 2993 158 3054 ideo
177 2997 307 3056 versibus
326 2999 460 3073 prosequi
481 2997 590 3056 studuit
597 2998 761 3074 q,uicquid
783 2998 819 3058 de
838 2999 913 3061 illius
934 3009 1072 3069 sanctita-

63 3077 207 3157 telegerat.
249 3081 357 3143 Omnes
372 3087 457 3143 etiam
473 3101 610 3160 personas
632 3085 792 3149 saeculares
814 3104 879 3146 cum
902 3092 1005 3165 quibus
1026 3094 1072 3155 lo·

63 3167 198 3244 quebatm,
224 3173 336 3230 monuit
363 3177 392 3230 et
419 3175 531 3248 rogavit
538 3215 545 3246 ,
567 3178 599 3230 ut
626 3172 730 3231 liberos
752 3190 819 3232 snos
840 3174 1004 3240 Johannem
1025 3183 1071 3243 vel

64 3249 208 3316 Zachariam
227 3260 415 3331 nominarent,
434 3258 552 3317 feminas
573 3275 642 3317 vero
655 3259 812 3320 Elisabeth.
856 3261 985 3342 Cumque
1007 3287 1071 3330 mo-

64 3337 135 3399 ritura
159 3351 245 3418 asset,
276 3343 426 3404 Johannes
454 3345 612 3404 monachus
641 3345 677 3405 de
700 3345 830 3407 claustro
853 3367 916 3410 eam
937 3355 1072 3415 visitavit.

63 3421 197 3504 Scieusque
213 3433 272 3510 eius
293 3432 428 3492 affectum
450 3433 525 3490 circa
545 3439 676 3491 sanetum
689 3433 860 3511 Johannem,
881 3441 936 3497 ait:
960 3440 1071 3501 Mater-

64 3515 119 3586 tera,
138 3533 197 3575 curn
217 3517 324 3577 fueritis
345 3518 493 3593 defuncta,
515 3517 629 3594 qualem
650 3523 768 3579 missam
789 3521 875 3582 vultis
897 3532 928 3584 ut
949 3529 1071 3601 primurn
1139 3577 1141 3582 .
1198 3563 1201 3573 =

65 3607 157 3660 tantem
177 3621 226 3680 pro
239 3607 334 3664 anima
355 3611 459 3680 vestra,
479 3622 531 3681 pro
548 3605 687 3665 defunctis
708 3626 746 3666 au
768 3608 803 3668 de
825 3617 923 3672 sancto
938 3611 1071 3674 Johanne

79 3745 136 3812 iifl
158 3755 285 3806 vertice.
306 3785 336 3794 -
361 3755 432 3826 2)c
455 3765 568 3808 auteur.
588 3787 618 3796 -
638 3757 670 3824 3)
693 3757 734 3812 BG
758 3757 850 3810 Prior
876 3761 1018 3810 vocavit.
1039 3791 1068 3802 ..

121 3819 174 3888 lJB
190 3825 219 3875 ιιι
235 3825 505 3893 ιιοιιιοιιι.-5)Β
524 3825 702 3880 Richardis.
722 3857 753 3866 -
772 3827 833 3891 6)B
851 3826 925 3893 plus
942 3827 1032 3878 eninr.

791 3900 813 3970 6
