2512 4254
175 253 216 312 96
485 249 714 312 DISTINUHO
736 248 901 314 OCTAVA

172 359 456 449 nissuaeproiessi.
498 371 918 447 ltaaertqoratilluminatns
939 388 977 432 ex
999 369 1198 448 Christiprae·
1251 433 1252 440 χ

172 461 282 534 sentia,
307 467 341 518 ut
368 458 496 537 singulos
523 457 609 536 pleno
631 458 803 519 discerneret
812 455 840 538 ¹).
882 459 1013 535 cunque
1035 459 1199 536 stupetactus
1251 539 1252 542 Ἴ

173 553 264 607 staret
275 546 313 606 ob
325 553 386 606 tam
398 546 557 606 mirabilem
569 547 717 621 visionem,
738 545 880 606 Dominus
898 545 934 606 de
956 562 1041 606 eruco
1063 545 1198 606 chmadt:
1251 599 1252 608 ι

173 634 257 693 Nosti
283 633 451 710 Rndolphe,
478 635 528 709 qui
548 635 605 692 sint
624 631 656 693 hi
676 650 749 708 quos
772 636 848 693 cirea
868 649 915 692 mo
937 632 1019 692 vides
1042 629 1199 692 crucifixos?
1250 659 1252 710 3

173 720 378 796 Respondente
400 737 555 780 converso:
577 719 653 779 Novi
673 720 812 794 Domine,
841 721 890 795 qui
911 722 984 794 sint,
1012 718 1066 778 sed
1087 717 1152 796 quid
1170 719 1200 777 uit
1251 787 1252 792 η

174 807 253 884 quod
269 807 363 882 video,
384 823 570 888 prorsusnon
593 805 735 882 intelligo;
757 807 903 865 subiunxit
919 805 1078 866 Dominus:
1098 805 1138 864 Hi
1156 803 1201 864 soli
1251 819 1252 866 ξ

174 911 211 955 ox
237 896 314 956 omni
343 893 563 970 congregatione
582 911 697 953 mecum
728 893 855 953 crncifixi
874 899 956 968 sunt,
984 909 1068 954 meac
1088 891 1200 970 pannoni
1251 895 1252 972 ᾖ

173 984 264 1042 vitam
291 998 373 1040 snam
399 981 617 1039 conformantes.
658 977 862 1039 NOVICIUS:
889 979 923 1038 In
946 997 1003 1055 quo
1026 997 1058 1039 se
1079 979 1119 1038 illi
1139 995 1200 1038 eon·
1251 999 1252 1054 3

172 1065 386 1128 formaverunt?
407 1065 643 1126 MONACHUS:
665 1065 773 1142 Utique
786 1069 816 1126 in
830 1065 1001 1144 obedientia,
1021 1068 1052 1124 in
1068 1067 1200 1143 patienda
1250 1063 1252 1131 ξ

173 1158 203 1214 in
217 1153 384 1229 hnmilitate,
405 1155 435 1212 in
447 1153 700 1213 abrenunciatione
714 1155 801 1212 totius
817 1156 1006 1229 proprietatis,
1025 1155 1201 1229 propriaeque
1251 1151 1252 1156 ’

174 1240 340 1302 voluntatis.
382 1239 464 1300 Haeo
494 1249 523 1300 et
549 1240 594 1298 his
622 1240 725 1300 similia
752 1240 909 1300 monachos
930 1247 1070 1317 martyres
1090 1241 1200 1311 iaciunt,
1251 1269 1253 1324 3

173 1332 204 1388 in
226 1345 348 1404 qnorum
366 1345 490 1403 persona
506 1346 558 1404 per
577 1327 762 1388 Psalmistam
784 1327 899 1386 dicitnr:
922 1327 1073 1405 Quoniam
1091 1333 1202 1403 proptu·
1251 1381 1253 1410 2

174 1423 203 1476 tc
228 1416 443 1492 mortificamur
472 1421 535 1474 totu
562 1414 623 1488 dic,
653 1405 800 1472 aestimati
826 1431 929 1474 sumus
950 1418 1026 1474 siout
1048 1431 1114 1474 oves
1136 1415 1201 1472 ocei-
1250 1471 1253 1494 ἰ

173 1499 309 1576 sionim).
350 1501 427 1562 Ecce
449 1519 533 1576 crux,
561 1500 597 1560 de
626 1519 684 1576 qua
711 1502 742 1558 in
766 1500 924 1577 Evangelio
946 1499 1015 1560 dicit
1035 1503 1097 1577 ipse
1118 1499 1200 1560 crnci-

173 1589 264 1649 fixus:
286 1589 346 1667 Qui
366 1606 429 1648 noo
449 1590 525 1648 tollit
545 1605 661 1646 erucem
681 1605 769 1646 suom
790 1579 933 1663 quotidie,
956 1593 984 1647 et
1004 1589 1138 1664 sepitur
1156 1603 1201 1656 mo,

174 1695 235 1736 nou
266 1683 308 1736 cst
328 1695 375 1736 me
403 1676 509 1751 dipem
519 1671 552 1753 ³).
594 1673 660 1734 Non
689 1674 770 1748 dicit,
798 1674 888 1733 semel
915 1675 990 1734 sicut
1013 1674 1130 1751 Petrus,
1158 1671 1202 1732 sed

174 1762 302 1842 quotidie
315 1765 390 1823 siem
406 1756 611 1841 Anthonium).
652 1761 734 1820 Sient
747 1761 833 1820 didici
845 1779 938 1837 nuper
949 1779 968 1820 a
979 1760 1127 1838 praedicto
1146 1776 1201 1819 mo-

173 1851 285 1924 nacho,
307 1867 406 1909 omnes
427 1849 467 1907 illi
489 1847 651 1924 quindecim
671 1847 767 1908 adhuc
788 1850 904 1924 vivunt,
926 1853 1047 1924 excepto
1069 1865 1141 1923 mro,
1161 1846 1201 1922 qui

174 1939 233 1998 iam
245 1934 417 1996 obdormivit
429 1938 459 1994 in
472 1934 598 1995 Domino
608 1930 638 2014 ⁵).
680 1933 880 1995 NOVICIUS:
904 1935 997 1994 Nemo
1020 1934 1201 1995 claustralium

174 2025 315 2083 visionem
329 2022 405 2082 hanc
425 2023 556 2099 ignorare
578 2021 703 2081 deberet
744 2019 981 2082 MONACHUS:
1002 2021 1113 2082 Verum
1127 2020 1201 2093 dicis3

176 2112 244 2187 quia
264 2109 345 2168 multi
366 2114 469 2186 putant
489 2126 521 2168 se
543 2126 606 2170 esse
627 2108 784 2168 monachos
807 2114 835 2167 et
855 2126 913 2168 non
935 2113 1009 2184 sunt,
1035 2125 1084 2170 ore
1106 2113 1136 2168 et
1153 2123 1202 2166 non
1251 2129 1252 2166 3

176 2200 237 2258 vita
252 2197 377 2257 dieentes
395 2213 460 2255 enm
474 2194 634 2274 Apostolozv
652 2195 728 2254 Mihi
745 2201 845 2255 autem
861 2195 938 2256 obod
950 2197 1083 2271 qioriari,
1104 2198 1160 2254 misi
1177 2195 1203 2252 io
1251 2207 1252 2274 t

176 2303 262 2344 cruce
283 2285 406 2343 Domini
433 2287 528 2342 nostri
548 2283 624 2342 Jcsu
647 2281 771 2356 tired,
798 2301 855 2358 por
884 2301 971 2358 quom
990 2283 1064 2341 miii
1084 2280 1203 2342 mentm
1251 2293 1252 2344 ἶ

177 2372 334 2448 cruciamus
348 2378 397 2443 est,
415 2378 444 2429 ct
458 2387 510 2446 eqo
524 2367 676 2444 mundo⁶).
708 2367 907 2429 NOVIOEUS:
931 2369 987 2428 Die
1001 2386 1118 2446 quaeso,
1139 2383 1203 2444 qno·

176 2458 264 2518 modo
294 2458 377 2518 nobis
397 2459 435 2516 sit
455 2453 701 2536 intelligenduml
724 2455 803 2532 qnod
822 2453 927 2537 idem⁸l
951 2455 1109 2532 Apostolus
1132 2455 1203 2514 dicit:

179 2545 239 2623 Qui
267 2551 367 2603 autern
395 2551 466 2604 suut
495 2543 618 2617 Christi,
647 2562 766 2602 coruom
795 2561 883 2602 suom
910 2544 1119 2620 omniserunt
1146 2557 1204 2602 eom

177 2635 255 2692 vitiis
272 2639 301 2691 ot
317 2628 607 2708 concupiscentiam
649 2629 885 2691 MONACHUS=
906 2629 1072 2690 Secundum
1091 2643 1204 2706 praeco·

179 2717 275 2779 dentia
296 2717 409 2779 videon
429 2720 470 2778 sic
491 2717 714 2796 intelligendum.

526 2907 759 2970 CAPITULUM
779 2907 867 2968 XIX.

454 3033 503 3094 De
523 3032 709 3109 ommfictortc
729 3032 942 3109 rctiqiooomm
1025 3051 1027 3056 ·

242 3167 401 3248 Apostolus
429 3173 601 3232 enumeratis
632 3171 767 3248 oporibus
802 3171 909 3246 cande,
944 3186 1010 3230 curn
1038 3167 1207 3246 exposuisset

179 3257 302 3318 fructum
317 3260 442 3336 spiritus,
463 3260 622 3319 subiunxit:
647 3260 705 3337 Qui
721 3264 822 3318 actem
843 3263 913 3317 aaut
928 3256 1042 3330 coroa,
1065 3261 1094 3315 et
1115 3259 1208 3314 cetera

200 3481 231 3549 1)
248 3478 268 3534 C
285 3478 519 3548 distingueret.
537 3508 570 3520 -
588 3479 621 3547 2)
638 3477 703 3531 Psal.
721 3479 764 3544 43,
781 3477 824 3532 22.
844 3507 874 3518 -
894 3479 926 3547 ³]
945 3478 1002 3530 luc.
1021 3477 1047 3542 9,
1064 3477 1106 3530 23.
1129 3469 1207 3527 ltaui.
1250 3461 1251 3548 l

251 3550 298 3614 to,
324 3550 366 3603 ³8.
386 3579 415 3590 -
436 3550 468 3632 4)
485 3547 572 3602 Abbae
589 3547 730 3612 Antonius,
753 3548 785 3600 dc
809 3564 859 3617 quo
882 3549 909 3600 in
926 3548 989 3600 Vitis
1006 3547 1116 3602 Petrum.
1133 3571 1164 3626 -ζ
1181 3538 1208 3606 5)
1250 3587 1251 3652 1

250 3619 312 3674 Cin
324 3620 458 3672 llomino
469 3618 679 3681 obdormivit,
693 3619 771 3671 ceteri
780 3617 850 3671 libri:
862 3617 1019 3671 dormivit
1032 3618 1064 3668 in
1077 3617 1207 3668 Domino.

251 3689 324 3746 cnut.
341 3689 388 3754 Vl,
411 3691 453 3744 37.
470 3690 527 3743 Act.
544 3691 576 3752 7,
599 3689 642 3744 59.
660 3717 691 3728 -
711 3689 743 3756 6)
761 3689 841 3745 Galat.
859 3691 891 3754 6,
915 3687 958 3744 14.
977 3717 1008 3727 -
1028 3686 1099 3756 wo
1122 3679 1209 3735 nobis

251 3758 505 3831 intelligendum
524 3759 579 3822 sit,
602 3757 621 3809 P
638 3759 683 3809 sit
700 3757 794 3812 nobis
813 3755 1080 3828 intelligendum.
1099 3784 1129 3796 -
1147 3746 1209 3819 8)c

252 3830 379 3888 ibidem.
398 3860 428 3872 -
448 3831 480 3899 9)
497 3828 577 3884 Galat.
595 3829 621 3894 5,
637 3827 681 3884 24.
