2524 4252
321 203 576 298 un'rsrcmflo
597 235 862 301 uonroosou.
1040 239 1102 300 sos

400 423 632 486 corrumpor
652 421 777 506 xucr)

29 533 31 616 Ξ
102 543 146 605 De
164 543 320 606 Buuworo
341 549 393 624 qui
412 553 623 623 postmortem
644 549 735 606 uxori
756 565 912 622 apparens,
934 545 1009 609 dieu
1029 547 1084 609 stoi

356 635 549 712 eleemosynas
569 633 642 692 nihil
657 634 832 710 profuisse..

141 751 208 816 Non
228 753 310 814 multi
330 755 397 814 unni
418 761 484 814 sunt
506 753 595 832 elapsi
617 756 693 830 quod
723 755 840 834 quidam
868 751 1022 814 ditissimus
1048 757 1104 816 rni-

82 841 223 902 nistenatu
250 841 340 902 Ducis
368 841 538 904 Bauwariue
567 841 716 904 defunctus
752 848 804 904 est.
852 837 945 902 Nocte
980 840 1105 916 quadum

83 933 201 990 curuum
221 929 252 986 in
275 946 331 1004 quo
352 944 425 988 uror
446 930 506 990 eius
535 927 708 1004 dormiebat,
728 930 770 988 sic
792 944 963 990 concussum
987 935 1045 1003 est,
1072 936 1105 988 ut

82 1019 262 1076 terraemotus
282 1015 368 1076 luisse
389 1015 542 1074 videretm.
583 1013 622 1076 Et
643 1031 710 1076 ecoe
732 1017 805 1076 ostio
835 1031 963 1078 mmerae
989 1016 1018 1076 in
1047 1031 1105 1092 quo

79 1098 122 1160 illc
140 1102 255 1164 iacebat
281 1107 398 1177 aperto,
425 1101 550 1177 quodam
577 1104 693 1178 gigante
714 1103 865 1180 nigerrimo
895 1119 961 1161 eum
981 1101 1105 1182 scopulis

79 1187 249 1264 impellente,
277 1189 394 1250 moritus
422 1191 482 1248 eius
509 1190 654 1265 ingressus
676 1194 728 1248 est.
778 1188 873 1272 Quom
893 1206 960 1248 cum
985 1189 1106 1250 vidisset

82 1280 108 1333 ot
124 1278 260 1350 novisset,
281 1274 318 1334 ed
333 1292 364 1334 se
384 1274 464 1333 illum
476 1293 593 1350 vocans,
614 1292 699 1351 super
719 1273 808 1334 sedile
829 1273 895 1336 lecti
916 1277 960 1334 sui
981 1275 1105 1336 residere

78 1359 147 1421 lecit
187 1361 265 1424 Nihil
285 1378 354 1423 vero
375 1363 488 1437 territa,
517 1361 651 1437 eoquod
678 1363 766 1440 trigue
793 1369 883 1438 esset,
911 1369 940 1422 et
966 1359 1016 1424 ille
1042 1361 1105 1424 solu

79 1449 191 1509 mmisiu
218 1448 318 1512 mdntn
345 1448 459 1522 luisset,
486 1455 598 1526 partem
626 1449 793 1524 operimenti
820 1450 864 1508 sui
892 1447 1016 1524 scapulis
1044 1451 1105 1510 cius

77 1537 262 1612 superposuit.
312 1523 405 1612 Quem
432 1541 497 1595 oum
526 1535 561 1594 dc
591 1540 668 1596 statu
695 1551 749 1596 suo
775 1537 991 1612 interrogasset,
1018 1538 1105 1596 tristis

77 1619 234 1698 respondit:
254 1621 360 1682 Poenis
382 1624 504 1682 oeternis
526 1621 680 1698 deputatus
700 1639 773 1682 sum.
815 1620 865 1680 Ad
886 1620 964 1696 quod
985 1621 1105 1682 verbum
1174 1663 1185 1688 .

78 1705 122 1768 ille
143 1711 243 1770 territe
263 1710 362 1783 nimis,
389 1705 549 1785 respondit:
572 1705 648 1784 Quid
669 1713 713 1770 est
734 1706 812 1784 quod
842 1704 954 1768 dicitis?
1003 1707 1105 1768 Nonne

77 1791 270 1873 eleemosynas
304 1813 424 1872 mugnus
456 1794 583 1855 lecistis?
642 1794 754 1854 Ostium
789 1801 916 1854 vestrum
951 1795 1105 1874 peregrinis

80 1882 208 1942 omuibus
225 1878 361 1962 putuit¹);
383 1899 441 1941 non
461 1888 580 1958 prosunt
598 1883 680 1941 vobis
701 1880 840 1942 beneficio
860 1874 936 1940 istc?
970 1881 1105 1960 Respon-

77 1967 114 2027 rlit
132 1968 197 2028 ille:
230 1965 308 2028 Nihil
328 1968 398 2028 milti
418 1975 537 2046 prosunt
557 1969 594 2028 ad
616 1971 704 2028 vitem
725 1976 886 2044 aetomem,
908 1984 942 2028 oo
970 1970 1049 2046 quod
1070 1987 1105 2030 ex

74 2072 147 2116 vanu
168 2055 261 2134 gloria
281 2072 339 2115 non
360 2071 396 2114 ex
418 2057 535 2115 caritate
556 2072 575 2114 a
595 2073 641 2115 me
662 2054 822 2116 laetasint.
865 2053 960 2131 Quem
981 2073 1046 2116 cum
1068 2056 1104 2116 de

73 2139 132 2203 eliis
152 2144 327 2218 interrogare
348 2141 449 2216 vellet,
469 2145 572 2201 iterum
593 2133 750 2218 respondit:
774 2141 950 2202 Concessum
972 2148 1016 2202 est
1035 2141 1104 2202 multi

74 2227 121 2288 tibi
142 2245 297 2306 apparere,
325 2228 455 2289 sednon
478 2227 545 2288 licet
571 2228 618 2287 hic
646 2230 759 2288 morari.
800 2225 877 2288 Ecce
901 2229 1002 2288 ductor
1022 2245 1104 2288 meus

74 2313 202 2378 diabolus
222 2315 290 2375 loris
318 2319 376 2376 stet
405 2321 573 2390 exspectans
601 2330 657 2374 me.
699 2313 730 2374 Si
745 2316 826 2374 'enim
848 2317 944 2376 omnia
966 2313 1035 2378 folio
1055 2333 1104 2376 er·

72 2399 173 2462 horum
193 2407 370 2462 verterentur
391 2403 420 2462 in
439 2399 568 2478 linguas,
603 2407 745 2460 tormenta
770 2418 836 2462 meu
862 2403 1020 2478 exprimere
1046 2419 1104 2464 non

60 2495 197 2568 possent.
238 2487 310 2548 Post
329 2489 403 2548 haec
431 2495 568 2549 evocatus
597 2492 626 2546 ot
653 2486 806 2564 impulsus,
833 2489 863 2548 in
891 2491 953 2564 eius
981 2489 1104 2550 abcessu

71 2581 161 2636 totum
183 2580 307 2636 currum
328 2581 361 2636 ut
380 2577 458 2651 prius
480 2576 647 2648 concutitur,
668 2591 755 2634 voces
777 2571 897 2636 eiulatus
920 2577 981 2634 cius
999 2573 1104 2635 diutius

71 2661 232 2724 eruuntur.
273 2655 353 2722 Visio
375 2659 449 2722 hoec
470 2659 555 2721 vaide
573 2660 690 2722 celebris
710 2659 764 2720 luit
785 2667 814 2720 ot
835 2667 879 2720 est
898 2663 928 2720 in
942 2660 1104 2736 Buuwerie,

70 2749 144 2810 sicut
164 2750 245 2808 testis
267 2754 328 2808 erat
349 2746 495 2808 Gerurdus
518 2747 673 2808 monachus
694 2755 797 2822 noster,
819 2747 992 2823 quandoque
1014 2764 1103 2807 cono·
1185 2783 1189 2790 ·

70 2837 151 2896 uicus
170 2834 405 2909 Rotisbouensis,
434 2837 482 2911 qui
503 2834 586 2893 nobis
607 2833 685 2894 illam
709 2836 848 2895 recitavit.
896 2833 973 2894 Ecce
1000 2834 1030 2894 in
1058 2833 1104 2894 his

70 2922 203 2984 omnibus
234 2938 308 2996 quae
337 2920 414 2982 dictu
439 2926 507 2984 sunt
534 2920 651 2998 implete
678 2925 722 2982 est
750 2923 889 2998 scriptura
917 2937 991 2995 quac
1020 2919 1102 2984 dicit:

69 3009 209 3070 Potentes
226 2999 363 3086 potenter
385 3015 531 3084 tormento
550 3003 745 3083 polioctur²).
788 3005 991 3068 NOVICIUS:
1019 3007 1103 3070 Haec

68 3102 98 3156 et
124 3093 288 3156 huiusmodi
312 3093 443 3172 exemplu
468 3093 631 3172 potentibus
659 3094 797 3156 deberent
816 3091 983 3170 praedicari.
1023 3093 1102 3160 ΜΟ·

68 3179 243 3244 NAOHUS:
266 3179 341 3258 Quia
361 3183 415 3258 ipsi
435 3179 598 3242 secerdotes
620 3198 656 3241 ex
676 3197 781 3258 magno
801 3187 881 3258 parte
902 3179 977 3244 mele
1005 3189 1036 3244 et
1055 3185 1102 3244 iu·

68 3270 246 3332 continenter
265 3270 375 3346 vivunt,
394 3274 526 3344 potentes
546 3284 603 3330 non
624 3274 755 3350 pungunt
775 3267 826 3330 sod
843 3274 962 3348 ungunt.
1006 3267 1101 3348 Quam

66 3373 156 3448 grippo
184 3357 221 3416 sit
248 3363 398 3436 porcetum
425 3355 538 3416 luxurie
564 3351 762 3432 sacerdotum,
790 3356 968 3434 subsequens
996 3355 1101 3438 probet

67 3441 238 3520 exemplum.

363 3609 799 3668 ψ-

84 3803 118 3874 ·)
135 3801 225 3856 sonu.
237 3771 283 3856 ru.
302 3817 327 3870 p.
345 3802 387 3854 rs.
406 3831 438 3842 -
458 3801 553 3871 rpus
571 3801 615 3866 er,
631 3783 674 3854 ot.
693 3827 725 3840 -
744 3799 778 3867 ι)
793 3798 905 3865 munes
922 3798 949 3862 s,
965 3798 992 3848 r.
