2608 4252
416 281 470 342 nu
491 279 649 342 snuorn
669 279 810 341 unum.
966 255 969 262 '
1092 283 1131 340 55

98 400 140 460 illi
164 407 332 478 oobmmrct,
361 409 391 463 et
410 403 497 480 digus
519 408 611 480 esset,
632 410 707 464 stare
730 402 897 477 sumserit,
920 409 949 462 et
971 401 1129 477 descendit,

98 489 261 566 celsiusque
281 495 424 550 extractos
444 491 485 550 illi
504 491 612 566 tribuit,
633 497 662 550 et
689 492 772 550 novis
793 506 865 566 quos
887 491 916 548 in
937 506 1022 549 sacco
1040 489 1132 549 babe—

98 575 153 635 bat
183 575 329 652 reindutis,
357 593 463 654 equum
491 577 620 638 ascendit
641 584 670 636 et
690 578 770 636 abiit
811 576 894 636 Haeo
915 593 962 635 me
982 583 1132 652 praesente

95 662 179 722 tacta
205 671 277 722 sunt
318 663 523 724 Discorduntes
544 659 737 724 concordabat
749 660 782 744 ¹),
807 662 1002 723 inobedientes
1029 680 1132 724 exore-

96 749 160 824 bat,
180 749 327 811 iracundos
349 757 378 810 et
395 753 575 828 impatientes
596 744 635 810 ad
656 767 705 810 cor
726 751 841 826 saepius
862 751 1017 824 revocavit,
1036 756 1132 809 teuta·

95 843 143 896 tos
169 836 300 913 exemplis
320 836 449 914 plurimis
470 854 545 913 quae
567 855 679 913 semper
699 837 738 896 ad
758 855 877 896 manum
896 836 1039 910 habebat,
1060 836 1132 896 alle-

94 924 198 984 viavit
236 923 312 984 Hinc
334 930 378 984 est
398 924 476 1001 quod
496 931 625 1000 tempore
648 923 773 999 quodam
786 920 824 1004 ²),
854 941 920 983 cum
950 922 985 982 de
1006 921 1132 998 quodam

94 1011 190 1070 verbo
216 1011 371 1072 conferrem
399 1027 465 1071 curn
493 1011 555 1086 illo,
582 1014 612 1069 in
631 1017 743 1086 partem
764 1014 931 1086 metraxit,
961 1016 990 1069 et
1011 1013 1067 1069 ait:
1096 1009 1134 1069 Et

93 1113 154 1173 ego
176 1113 293 1174 magnas
315 1099 407 1158 carnis
428 1114 510 1158 meac
538 1100 630 1173 patior
659 1099 837 1157 tentationes.
880 1097 920 1158 Ut
952 1097 1015 1157 eliis
1035 1104 1134 1173 posset

93 1183 214 1263 mederi,
232 1187 360 1261 proprias
377 1184 554 1244 infirmitates
574 1184 629 1246 illie
650 1200 709 1243 non
731 1185 844 1244 erubuit
865 1183 1001 1244 confiteri.
1015 1217 1057 1226 -
1071 1183 1132 1244 Re-

93 1272 219 1346 quisitus
240 1271 285 1330 die
306 1270 432 1347 quadam
453 1289 472 1331 a
491 1270 637 1348 praedicto
659 1271 765 1346 Priore,
787 1273 941 1347 sicutipse
962 1271 1032 1330 mihi
1052 1279 1132 1330 retu·

92 1355 138 1434 lit,
160 1356 228 1433 quid
240 1360 269 1416 in
282 1375 384 1418 mensa
399 1361 544 1436 cogitaret,
566 1375 601 1418 co
614 1358 692 1435 quod
713 1374 771 1417 non
792 1358 961 1434 intelligeret
973 1357 1132 1432 lectionem,

93 1444 256 1522 respondit:
277 1445 341 1522 Ego
360 1443 456 1504 babeo
469 1446 509 1504 ibi
522 1444 673 1504 lectionem
687 1462 790 1504 meam.
822 1445 944 1521 Quando
959 1445 1132 1504 manducare

91 1531 209 1607 incipio,
229 1532 349 1607 qualiter
361 1549 413 1608 pro
434 1549 482 1592 me
494 1531 552 1591 Dei
571 1531 647 1592 tilius
666 1534 703 1590 sit
723 1533 760 1591 ab
776 1532 877 1608 angelo
892 1534 1043 1592 nunciatus
1052 1529 1083 1611 ³),
1104 1539 1133 1591 et

91 1621 124 1676 in
145 1623 228 1678 utero
247 1619 373 1695 Virginis
395 1618 431 1679 dc
445 1619 551 1695 Spiritu
572 1624 672 1679 sancto
695 1625 860 1694 conceptus,
880 1624 975 1678 mente
993 1625 1131 1692 retract03

92 1707 195 1781 sicque
215 1706 338 1780 primum
357 1705 456 1765 lolium
477 1712 568 1766 verto.
609 1704 722 1766 Deinde
744 1701 888 1787 cogito⁴),
912 1701 1056 1781 quomodo
1078 1723 1132 1764 an-

92 1791 168 1868 gelis
188 1793 402 1852 concinentibus
423 1795 463 1852 sit
480 1800 581 1868 uatus,
611 1799 640 1853 et
660 1794 764 1868 parmis
785 1792 889 1851 vilibus
910 1792 1071 1866 involutus,
1103 1794 1131 1850 in

91 1881 244 1954 praesepio
265 1879 433 1956 reclinatus,
463 1885 492 1939 et
513 1895 580 1940 ecce
600 1879 759 1956 perlectum
781 1884 825 1938 est
845 1879 945 1939 folium
966 1879 1132 1938 secundum.

92 1964 130 2024 In
151 1963 228 2025 hunc
252 1965 370 2025 modum
390 1971 551 2026 transcurro
572 1967 827 2041 circumcisionem,
849 1966 1006 2026 adventum
1026 1966 1132 2042 Mago-

92 2067 160 2112 rum
173 2048 209 2134 ⁵),
236 2052 410 2114 oblationem
431 2055 492 2114 eius
512 2055 541 2112 iu
563 2053 685 2130 templo,
715 2054 904 2128 baptismum,
932 2061 961 2112 ct
980 2055 1132 2126 ieiunium,

92 2139 274 2216 passionem,
296 2145 325 2198 et
344 2141 594 2215 resurrectionem,
616 2141 825 2214 ascensionem,
847 2146 876 2200 et
897 2143 987 2200 sancti
1003 2140 1131 2216 'Spiritus

93 2225 260 2302 adveutum,
282 2232 496 2304 extremumque
513 2227 657 2286 iudicium.
700 2227 778 2286 Telis
800 2233 844 2286 est
863 2227 948 2288 lectio
970 2243 1035 2285 mea
1056 2241 1131 2301 quc·

91 2311 211 2388 tidiaua,
232 2314 313 2374 cuius
326 2312 399 2388 fluis,
420 2313 484 2372 finis
506 2320 550 2373 est
563 2313 683 2388 prandii.
727 2312 813 2389 Quod
833 2316 863 2372 in
876 2313 1019 2372 talilibro
1033 2328 1131 2372 comc—

92 2398 167 2460 deus
179 2399 288 2477 legerit,
308 2399 487 2460 testabantur
503 2399 636 2460 lacrimae
659 2417 731 2475 quas
751 2403 780 2459 in
804 2418 905 2460 mensa
919 2397 1028 2480 tuditi).
1061 2398 1131 2458 Plus
1249 2473 1256 2481 Ι

92 2488 171 2546 enirn
191 2486 387 2548 delectabatur
405 2488 435 2546 iu
457 2489 563 2546 sanetis
583 2487 823 2561 meditationibus,
848 2505 936 2563 quam
956 2490 986 2547 in
1000 2487 1130 2564 genufle-

91 2574 240 2649 xionibus,
271 2591 324 2650 per
355 2591 428 2649 quas
459 2575 574 2650 spiritus
606 2574 822 2650 contemplantis
854 2574 1013 2650 impeditur.
1066 2574 1131 2633 Non

91 2659 200 2720 multas
220 2667 252 2720 ut
272 2661 331 2719 dixi
352 2662 381 2719 iu
402 2663 528 2720 oratioue
544 2662 643 2720 venias
655 2663 764 2737 petivit,
781 2660 834 2722 sed
847 2668 933 2737 stans,
955 2660 1002 2720 vel
1016 2657 1131 2738 superb

91 2750 296 2824 genusiacum
318 2753 412 2808 erecto
439 2747 519 2807 vulto
534 2747 629 2807 coelos
641 2750 782 2823 respicere
797 2751 952 2808 cousuevit
975 2781 1016 2789 -
1037 2746 1131 2806 Aute—

92 2851 182 2910 quam
202 2834 285 2895 Deus
312 2851 389 2908 euru¹
407 2840 523 2894 vocaret
551 2835 588 2894 de
615 2835 672 2895 hoc
699 2835 820 2910 mundo,
849 2833 963 2894 cuidam
989 2833 1130 2894 monacho

91 2920 212 2982 mirifica
231 2921 376 2998 quasdam
389 2922 460 2981 risio
478 2921 607 2981 revelata
620 2929 664 2983 cet
679 2921 715 2982 de
730 2922 788 2981 illc.
824 2921 972 2982 Existente
984 2935 1019 2980 eo
1032 2921 1062 2980 in
1075 2921 1131 2980 Vi·

91 3003 187 3088 lari'),
208 3024 284 3084 quae
306 3008 409 3068 domus
431 3015 474 3068 est
495 3007 601 3068 ordinis
623 3008 830 3083 cisterciensis,
853 3025 919 3066 oum
939 3006 1055 3067 Abbate
1078 3025 1130 3067 suo

93 3093 208 3154 domino
224 3094 390 3170 Eustochio,
413 3111 479 3154 cum
501 3095 561 3155 dies
575 3100 651 3155 esset
663 3094 824 3170 Dominica,
844 3100 937 3154 totum
959 3102 1132 3155 conventum

92 3180 169 3241 idern
190 3180 293 3242 Abbas
313 3187 381 3258 post
401 3198 520 3244 coenam
542 3183 695 3242 convocari
715 3182 790 3242 iecit.
830 3181 915 3257 Quod
938 3199 1003 3242 curn
1024 3182 1131 3242 iactum

92 3265 206 3340 fuisset,
247 3275 277 3330 et
311 3271 373 3344 ipse
412 3267 534 3330 diceret:
571 3268 682 3329 Suntne
712 3268 813 3329 fratres
845 3271 934 3328 noemi
966 3268 1052 3329 modo
1084 3269 1131 3328 hic

94 3353 213 3415 omncs?
229 3371 398 3432 responsum
413 3362 456 3415 est
469 3357 510 3415 ei:
525 3353 633 3416 Omnes
646 3355 768 3431 domine,
782 3358 909 3433 exceptis
921 3357 1035 3416 dnobus
1047 3357 1131 3414 iuve·
1224 3405 1228 3414 .

112 3506 144 3573 t]
159 3505 180 3560 B
198 3506 375 3560 concordes
393 3507 547 3562 iaciebat.
567 3537 596 3548 -
617 3509 649 3575 2)
667 3507 687 3559 B
705 3524 765 3560 una
782 3511 910 3561 vice-
923 3507 955 3575 3)
973 3507 993 3560 B
1011 3522 1131 3558 aunuu-

161 3576 273 3628 cistua
292 3605 323 3616 -
343 3577 376 3645 1)
393 3577 413 3630 G
430 3579 540 3647 cogito
558 3593 599 3630 om
616 3577 644 3630 0.
659 3607 689 3617 ·-
704 3578 736 3645 5)
754 3578 775 3630 1)
793 3579 888 3630 trium
907 3577 1077 3644 lingarum.
1097 3603 1128 3614 -

162 3645 231 3712 6)ss
252 3645 408 3698 lacrimas
431 3649 552 3700 eius-
575 3645 736 3714 proludit.
756 3677 786 3688 -
806 3647 838 3714 7)
861 3645 900 3700 GP
923 3661 1027 3712 supra.
1047 3673 1078 3682 -
1097 3644 1131 3711 8)

161 3714 245 3768 Anu?
262 3731 300 3768 co
318 3715 426 3769 wilre.
462 3715 550 3769 llomil.
568 3717 587 3769 1.
605 3733 630 3786 p.
650 3716 712 3770 137:
732 3716 775 3782 „lu
787 3716 873 3768 wilari
890 3714 965 3766 domo
977 3713 1130 3766 cistercien-

160 3785 195 3838 sis
206 3784 326 3838 ordinis.“
352 3784 472 3855 lulelligit
483 3795 580 3850 sodor,
589 3795 618 3838 ut
629 3795 701 3855 puto,
710 3787 803 3850 vilare,
821 3780 1130 3842 villiers-Betuuclr,

161 3853 286 3940 abbatiam
303 3864 412 3927 quamor
429 3856 483 3911 lere
500 3855 609 3910 millibus
626 3857 659 3909 ab
677 3855 739 3909 urbe
756 3855 821 3909 ldcta
839 3853 995 3904 disiunctum.
