2506 4254
397 301 453 364 DE
476 300 703 365 Mmsomns.
730 325 735 337 ·
1003 299 1069 360 ddi

52 424 153 486 murm
177 423 326 486 decoctae.
368 422 572 501 Campanarius
596 430 695 485 autem
713 425 744 482 in
764 423 889 484 maximo
909 423 1011 484 timore
1031 437 1068 484 cc

51 517 150 588 stupore
169 513 283 588 iacens,
303 509 374 571 vidit
393 511 549 572 homones
569 510 706 570 insultum
724 511 860 570 facientes
880 511 910 568 in
931 509 1085 586 ecclesiaq¹

51 598 94 658 sed
118 605 144 658 et
170 597 290 674 capsula
317 615 392 674 quae
414 604 475 658 erat
493 597 686 674 persultare,
712 597 832 674 prosiliit
852 602 938 673 super
963 595 1069 671 almeo,

52 691 76 746 et
92 691 218 762 speruus
235 686 311 745 taeta
333 691 378 745 est
397 687 427 744 in
450 701 493 758 ea,
515 701 588 760 quae
610 684 704 746 adhoc
724 686 765 743 ita
786 689 922 743 remanet.
970 682 1069 742 Sancti

52 789 108 832 uero
141 789 263 848 quorum
290 771 425 846 reliquiae
450 773 490 830 ibi
518 777 600 845 sunt,
633 772 739 848 egressi
765 770 872 830 fortiter
899 770 1070 828 resistebant

52 857 239 934 doemonibus,
267 865 298 918 et
321 859 430 919 factum
456 864 502 916 est
522 861 594 917 inter
615 863 730 918 saneim
753 863 782 916 et
803 854 1069 923 doemonesuehe-

52 947 243 1006 nouissimum
262 941 414 1005 certamen,
456 944 586 1004 Tandem
609 944 712 1007 devicti
733 945 895 1018 daemones,
916 960 982 1002 eum
1004 958 1069 1002 cor-

52 1047 95 1106 pos
107 1027 125 1114 ¹)
138 1037 284 1108 reportare
306 1047 365 1090 non
384 1037 511 1107 possent,
530 1038 642 1106 purtem
655 1033 723 1091 tecti
742 1031 841 1091 seeum
861 1031 1070 1090 absuexemnt.

51 1116 136 1178 Rclert
161 1118 240 1178 idem
268 1121 466 1194 campanarius
494 1117 573 1194 quod
601 1135 703 1193 corpus
732 1117 887 1178 sacerdotis
918 1113 1070 1192 usquead

52 1209 145 1264 uuum
172 1207 272 1280 turris,
299 1206 354 1264 sub
381 1223 438 1280 que
459 1201 595 1284 scilicet²)
615 1205 762 1280 pulsantes
782 1209 933 1278 steterant,
965 1208 995 1262 et
1014 1202 1070 1262 sub

53 1307 100 1364 que
130 1294 263 1368 prostrati
295 1293 442 1367 iacebant,
475 1292 611 1360 violentia
639 1291 811 1351 daemonum
838 1292 1007 1367 aliquotiens
1035 1290 1072 1348 sil

52 1383 166 1454 raptum,
197 1378 249 1438 sed
277 1379 606 1438 beneflcio'sanctorum
627 1377 780 1455 relapsum.
823 1377 913 1437 Aiunt
937 1377 1071 1438 clericum

53 1465 161 1525 eundem
190 1471 260 1524 tunc
295 1465 331 1526 de
366 1481 445 1525 novo
476 1463 657 1545 acquisissei)
696 1482 832 1524 coronam
858 1464 1025 1524 cursitando
1033 1459 1072 1543 ⁴),

53 1566 126 1624 quem
148 1554 229 1627 quusi
242 1553 334 1612 victor
354 1553 434 1610 iuxta
455 1551 571 1612 domum
583 1549 604 1632 ⁵)
626 1552 781 1628 suspendit,
801 1558 834 1610 ut
854 1553 895 1611 ibi
916 1551 994 1610 stulti
1014 1549 1072 1610 ho·

52 1639 128 1698 mnes
149 1638 287 1714 luderent,
308 1639 499 1714 ducerentque
521 1633 678 1718 choreas⁶).
714 1637 917 1720 NOVICIUS:
941 1637 1022 1698 Sicut
1042 1639 1073 1696 in

52 1721 98 1784 hoc
116 1723 264 1786 secerdote
286 1725 448 1800 considero,
479 1728 509 1784 in
537 1725 737 1784 dilaceratione
758 1727 881 1784 vestium
902 1730 988 1800 atque
1011 1722 1072 1783 cal·

53 1812 242 1872 elomentorum
269 1813 352 1872 Deus
380 1814 492 1888 punivit
523 1813 700 1889 superbiam
733 1814 807 1871 sicut
815 1809 834 1892 ⁷)
863 1813 892 1870 in
925 1813 1073 1872 exustione

52 1899 212 1974 genitalium,
232 1897 382 1974 luxuriem.
417 1897 648 1960 MONACHUS:
671 1899 751 1959 Bene
773 1900 875 1974 sends3
898 1899 966 1974 quia
987 1912 1073 1972 saepe

52 2001 133 2060 poena
148 1983 323 2066 respendit⁸)
339 1985 447 2062 culpae.
475 1985 541 2046 Hoc
562 1987 648 2046 etiam
670 1992 698 2046 te
719 1988 791 2046 scire
812 1985 889 2060 volo,
910 1991 939 2044 et
950 1985 1073 2060 probare

54 2072 186 2148 exemplo,
215 2072 294 2150 quod
322 2075 394 2132 sicut
413 2073 495 2132 Deus
523 2080 556 2133 ut
579 2073 686 2133 dictum
708 2079 752 2132 est
772 2071 863 2132 malos
884 2084 935 2148 per
955 2071 1074 2142 fulmina
1098 2077 1106 2098 ⁸

53 2161 127 2234 etque
144 2161 270 2220 tonitrua
291 2155 326 2221 de
349 2159 429 2220 coelo
448 2162 539 2238 punit,
559 2163 600 2223 ito
621 2177 673 2238 per
694 2158 795 2220 eadem
816 2158 969 2235 aliquando
991 2159 1073 2230 bonis

53 2248 186 2306 succurrit

382 2434 613 2500 CAPITULUM
634 2438 739 2500 XXX.
799 2439 800 2444 ’

108 2557 155 2616 De
175 2557 330 2618 Ricbwbco
346 2578 403 2635 pcc·
417 2549 420 2558 ’
433 2551 598 2621 tonitruum
620 2580 640 2620 u
655 2559 859 2637 praedonibus
880 2559 1012 2620 liberato.
1085 2519 1091 2532 ι

109 2677 274 2742 Richwinus
308 2680 467 2742 cellerarius
495 2688 591 2743 noster
623 2700 689 2742 cum
717 2683 762 2743 die
792 2682 917 2760 quadam
949 2688 1078 2756 tempere
1148 2753 1150 2760 y

54 2759 202 2826 dbcordiae
237 2769 309 2828 inter
337 2769 515 2845 saepedictos
544 2769 639 2846 Reges
669 2770 705 2829 de
736 2769 854 2830 Colonia
882 2771 985 2842 exiret,
1019 2782 1078 2825 non

53 2852 144 2924 procul
172 2854 208 2912 eb
238 2855 309 2914 urbe
335 2855 431 2931 plures
458 2863 583 2926 armatos
605 2855 749 2916 exlatere
771 2862 876 2916 suetae
897 2853 1029 2931 publicae
1049 2854 1079 2912 in

54 2939 262 3002 suisdextrariis
274 2942 372 3002 sedere
385 2945 541 3019 conspexit
562 2944 672 3019 Quibus
693 2946 761 3003 visis
784 2961 849 3004 cum
871 2944 939 3002 satis
961 2943 1081 3024 timeret,

54 3039 120 3084 unus
141 3043 176 3086 ex
206 3030 246 3088 eis
276 3045 359 3088 cursu
387 3031 564 3106 rapidissime
586 3030 711 3091 adeum
732 3033 864 3104 veniens,
893 3045 998 3104 equum
1020 3030 1081 3088 eius

54 3123 99 3184 per
117 3112 227 3174 benum
249 3118 354 3190 tendi,
376 3134 460 3194 quem
482 3117 527 3176 his
549 3119 643 3177 verbis
664 3117 787 3194 superbe
809 3117 949 3178 allocutus
972 3121 1015 3175 est
1036 3114 1081 3174 di·

55 3212 131 3258 cens:
153 3199 277 3262 Domine
291 3203 432 3262 monache
446 3203 623 3281 descendite3
646 3211 759 3280 eportet
780 3221 826 3264 mc
848 3203 954 3264 habere
976 3219 1083 3279 equum

56 3283 141 3344 istum.
182 3287 241 3348 Vix
269 3290 359 3349 verba
379 3290 503 3367 finierat,
532 3298 561 3351 et
590 3281 657 3352 c'cce
678 3291 820 3351 Dominus
841 3308 899 3350 non
920 3292 1009 3350 verbo
1031 3287 1083 3347 sed

55 3373 171 3432 tonitrum
199 3376 337 3450 praedoni
362 3394 414 3452 pro
440 3393 524 3437 servo
554 3395 605 3437 suo
635 3375 790 3455 respondit
831 3377 907 3438 Nam
935 3394 1001 3437 eom
1022 3382 1085 3435 tuta

56 3453 100 3516 llla
126 3459 171 3520 die
192 3462 270 3521 nulla
290 3458 409 3523 luissent
430 3464 528 3525 audita
549 3467 688 3540 tonitrua,
715 3467 790 3524 ietrrs
810 3470 870 3527 um
891 3462 1084 3524 validissimus

57 3541 192 3620 inopinate
204 3551 358 3625 personuit,
379 3556 411 3610 ut
433 3567 523 3626 equus
544 3551 672 3612 satellitis
699 3553 821 3630 genibus
842 3558 946 3611 terrem
966 3552 1084 3626 peteret,

74 3727 102 3796 1)
117 3729 220 3786 Domini.
239 3764 273 3774 -
291 3735 323 3804 2)
341 3735 363 3789 P
381 3736 483 3790 simul.
496 3737 569 3806 -3J
586 3737 631 3790 BC
649 3738 884 3806 acquisivisse.
901 3763 931 3775 -
948 3734 981 3800 4)
998 3732 1085 3784 BllEl’

119 3803 301 3857 corinsndo.
329 3803 494 3870 Cheroinon,
518 3807 609 3858 choros
631 3823 719 3874 agore,
737 3807 877 3857 concinere.
897 3831 926 3842 -
947 3803 978 3866 5)
996 3800 1017 3851 ll
1035 3799 1084 3850 add

121 3885 214 3925 snum.
235 3904 265 3914 -·
285 3875 317 3943 b)
335 3874 379 3930 BP
397 3891 521 3928 coreas.
542 3873 571 3916 -'-
592 3877 623 3945 7)
642 3875 662 3928 O
681 3878 736 3927 sic.
755 3902 787 3914 -·
805 3874 837 3938 8)
855 3872 876 3922 B
893 3867 1083 3934 respondet.
