2506 4254
355 272 409 334 DE
432 269 615 334 CORPORE
637 263 804 334 ussisti
1065 269 1139 332 193·

76 395 213 458 Exime
240 409 387 472 nunquam
415 395 569 471 suscipiam
595 391 666 452 illud
694 395 732 454 ab
759 393 883 452 homine.
925 391 997 453 Post
1017 393 1126 470 aliquot

77 499 157 546 vero
182 483 244 543 dies
262 483 394 543 defuncta
416 489 469 542 est.
510 481 640 557 Ecquis
661 483 797 557 scriptum
819 486 875 538 est:
910 481 969 556 Qui
989 497 1050 540 non
1071 482 1127 539 luo·

78 577 182 632 norat
197 577 318 646 patrem
340 577 369 629 ct
388 576 529 644 maban,
550 585 613 628 reon
635 567 795 626 lactabitur
824 569 856 625 iro
875 566 956 643 filiis,
984 567 1127 627 Dominus

82 657 194 720 eadem
222 656 405 717 hebdomoda
432 655 580 716 Wilhelmi
608 656 828 731 primogenitum
861 655 1005 730 extinxit3'
1029 649 1129 730 reliqui

82 761 162 806 vero
182 746 243 804 cius
262 743 353 818 liberi,
374 760 440 802 cum
459 743 548 802 ferme
561 739 579 822 ⁸)
602 747 697 801 essent
719 741 877 815 duodecim,
899 739 1057 801 secundum
1079 755 1127 800 or·

84 829 190 894 dinem
208 831 281 891 infru
302 831 390 890 breve
410 834 524 904 tempus
546 845 645 888 omnes
667 827 792 888 defuncti
813 832 889 887 sunt.

333 1024 338 1028 ’
403 1015 637 1080 CAPITULUM
661 1015 829 1078 XXXVII.

180 1143 227 1204 De
246 1158 385 1202 coaevem
406 1139 552 1200 Livoaioc
573 1143 625 1216 qui
645 1143 863 1218 commonicare
884 1140 1052 1200 miceam

382 1228 637 1306 bostiomnrepeoit
657 1228 690 1286 io
711 1243 769 1304 ore,
782 1243 846 1286 suc.

162 1349 270 1409 Retulit
282 1351 365 1409 nobis
376 1348 507 1408 dominus
521 1347 684 1407 Bernartius
699 1347 734 1408 dc
751 1346 845 1423 Lippa
862 1345 965 1407 Abbas
986 1347 1134 1425 Livoniae,

91 1453 176 1500 nunc
195 1436 356 1512 Episcopus
382 1435 505 1510 ibidem,
533 1451 595 1494 rem
623 1437 692 1494 satis
717 1434 879 1511 gloriosam.
923 1435 996 1494 (ium
1017 1435 1134 1511 quidam

93 1527 121 1586 si
143 1525 218 1584 bene
237 1525 353 1582 memini
374 1538 544 1596 conversus,
573 1523 622 1598 qui
642 1537 733 1596 nuper
753 1520 839 1580 fidem
862 1527 1041 1597 susceperat,
1069 1537 1135 1583 mo·

33 1685 40 1694 .
94 1609 207 1672 naohos
222 1610 429 1670 commonicare
443 1607 570 1683 vidisset,
592 1612 620 1668 et
641 1609 696 1667 sibl
715 1609 772 1667 hoo
787 1609 902 1666 minime
917 1608 1002 1668 licere
1024 1625 1135 1686 cogno·

95 1701 203 1773 rmset,
233 1703 313 1756 stam
339 1702 440 1755 contra
468 1695 557 1760 altare
588 1694 816 1755 communicandi
846 1694 984 1754 desiderio
1006 1699 1135 1771 suspira-

68 1776 74 1792 ‘
97 1787 150 1846 vil.
191 1784 230 1843 Et
259 1799 327 1844 occe
347 1785 412 1858 pius
432 1783 574 1841 Dominus
596 1781 834 1842 sinesecerdotis
856 1783 1010 1841 ministerio
1033 1781 1069 1841 de
1090 1781 1136 1842 al-

97 1872 156 1932 tari
183 1887 236 1947 per
269 1875 479 1930 sacramentum
513 1868 685 1928 descendero
715 1868 847 1945 dignatus
876 1876 919 1928 est
946 1871 975 1927 in
1005 1887 1037 1930 os
1066 1872 1136 1929 eius.

98 1957 159 2035 Qui
183 1975 252 2016 mox
279 1957 403 2016 hostium
430 1962 529 2032 aperto
559 1973 608 2016 ore
637 1954 803 2030 ostendens,
833 1961 861 2014 et
892 1972 1010 2015 causam
1039 1961 1136 2016 tantae
1228 1995 1231 2000 -

97 2046 210 2123 gradec
222 2045 417 2118 manifestans,
439 2050 555 2103 cunctos
570 2045 620 2119 qui
633 2043 752 2102 ederant
770 2045 801 2101 in
823 2049 969 2119 stuporem
991 2046 1138 2104 convertit.

97 2131 230 2192 Eandem
258 2133 333 2191 enim
361 2129 485 2190 hostiam
514 2129 637 2189 defuisse
664 2136 830 2206 repererunt
856 2132 886 2188 in
907 2129 997 2190 ellari.
1040 2129 1137 2190 Simile

97 2218 168 2278 huic
190 2219 307 2296 contigit
328 2226 394 2276 ante
415 2216 471 2277 hoc
493 2218 654 2292 biennium,
683 2217 761 2293 quod
781 2223 861 2277 tanto
883 2223 945 2278 erat
966 2217 1138 2292 mirabilius,

98 2311 208 2383 manto
229 2307 327 2366 sensui
345 2303 473 2364 hnmano
497 2303 672 2380 profundius
701 2309 704 2316 '

405 2489 637 2554 CAPITULUM
657 2491 837 2554 XXXVHI.
864 2533 868 2544 ι
984 2521 988 2530 ’

97 2617 177 2678 Itan
199 2617 234 2676 de
254 2614 443 2676 Erkcnbaldo
461 2617 507 2675 de
527 2615 671 2689 Burdcm,
701 2619 749 2675 oui
770 2617 846 2676 idem
868 2623 997 2694 contipit,
1020 2639 1088 2682 cum
1111 2626 1137 2682 ci

169 2702 206 2764 ob
227 2705 397 2762 occisionem
418 2706 538 2779 oopnoti
558 2709 778 2762 sacromentum
796 2703 902 2780 suisset
922 2717 1073 2782 nepotum.

165 2823 365 2886 Erkenboldus
386 2823 422 2884 de
443 2823 562 2884 B'urban
570 2819 591 2904 ²)
614 2827 657 2883 vir
677 2824 830 2886 nobilitet
850 2834 967 2904 potens,
990 2836 1051 2889 erat
1071 2836 1138 2891 tan·

96 2909 179 2994 tud)
202 2919 312 2987 ematur
332 2913 471 2987 iustitiae,
503 2918 535 2972 ut
556 2911 664 2970 nullam
684 2913 713 2969 in
733 2913 845 2972 iudiciis
865 2915 1018 2989 respiceret
1037 2933 1139 2994 perso·

96 3017 179 3060 nam.
226 2999 284 3058 Hic
313 3016 378 3059 cum
399 3001 524 3076 gravitas
549 2998 753 3073 infirmaretur,
785 2998 918 3076 lectoque
940 3001 1138 3082 decumberet,

95 3089 132 3146 in
158 3088 288 3164 proxime
313 3102 427 3146 camera
447 3085 616 3159 tumultum,
645 3085 840 3160 clamoresque
860 3087 998 3150 femineos
1020 3091 1139 3154 audivit.

98 3171 159 3252 Qui
181 3189 246 3234 cum
268 3173 304 3233 de
332 3187 418 3232 causa
439 3174 636 3246 sciscitaretur,
657 3171 751 3230 nullus
773 3174 799 3231 ei
821 3173 1063 3239 circumstantium
1084 3197 1139 3241 ve·

95 3261 215 3320 ritatem
235 3259 330 3320 dicere
361 3259 559 3336 praesumpsit.
603 3259 685 3318 Tunc
712 3261 827 3318 mittens
853 3279 942 3324 unum
972 3283 1006 3325 ex
1035 3269 1139 3344 pueris,

97 3349 157 3408 alt:
185 3347 335 3423 Praecipio
364 3346 415 3405 tibi
444 3346 498 3406 sub
526 3347 753 3405 interminatione
781 3345 927 3410 oculorum
948 3359 1077 3430 tuorum,
1105 3359 1138 3414 ut

98 3433 183 3494 dicas
202 3433 272 3492 mibi
292 3450 401 3492 merem
421 3435 580 3492 vamtatem.
624 3431 677 3491 Cui
697 3431 744 3492 ille
761 3450 870 3509 pavens
892 3439 1053 3514 respondit:
1072 3441 1138 3501 Do·

97 3521 192 3596 mine,
226 3519 393 3580 domicellus
425 3537 506 3579 meus
537 3518 612 3578 lilius
640 3522 744 3580 sororis
777 3529 889 3583 vescae
915 3525 1049 3586 feminam
1077 3523 1136 3606 vi‘)

100 3609 262 3684 opprimere
292 3607 397 3682 voluit,
431 3613 460 3666 et
490 3607 564 3666 haec
594 3607 647 3665 luit
678 3624 767 3668 cauae
798 3603 954 3672 clamoris'
980 3611 1029 3672 Ad
1061 3613 1138 3690 quod

123 3773 155 3844 l)
172 3773 232 3827 Bor
249 3774 328 3826 iere.
346 3803 380 3814 -
399 3775 431 3843 2)
448 3773 469 3826 B
487 3775 630 3840 Burbou,
655 3774 843 3841 GBnrbair,
864 3777 884 3830 P
901 3777 1036 3846 Burbay.
1056 3810 1087 3820 -
1106 3782 1139 3851 3)

174 3843 257 3898 Acii?
274 3842 395 3896 nobilis
411 3853 480 3896 erat
497 3854 528 3897 et
545 3854 678 3913 potens,
695 3854 816 3898 tentus.
837 3875 867 3886 ·-
887 3847 919 3915 l)
936 3847 978 3900 Bc
994 3848 1047 3899 ibi.

812 3967 816 3982 .
856 3921 878 3991 9
