2506 4254
350 264 405 326 ne
430 261 613 325 corrone
635 262 802 326 cesum
1033 263 1093 324 raa
1170 221 1174 227 ’

72 385 169 462 pletum
196 391 239 446 est
266 386 296 444 in
324 403 359 446 eo
388 385 466 462 quod
493 402 545 461 per
565 384 730 460 Sapientem
752 383 859 444 dictum
881 390 940 444 est:
972 385 1095 460 Diliqite

72 476 209 546 meten,
223 476 277 549 qui
288 473 424 532 iudicatio
437 480 556 532 terram
577 472 687 532 Sentice
704 472 740 532 de
756 472 888 531 Domino
902 474 934 530 ire
956 469 1094 544 bonitate,

73 565 98 619 ct
120 562 151 618 in
175 559 357 635 duplicitate
377 559 472 618 cordia
494 562 627 634 quaerite
647 559 749 630 ilicem·
781 560 924 634 quoniam
945 561 1095 618 invertitur

75 644 107 704 eb
125 647 166 705 die
186 649 237 722 qui
257 663 321 704 uere
342 653 457 706 tentant
477 647 577 718 illum,
607 652 732 721 apparet
754 651 855 704 actem
877 647 915 702 eie
937 647 989 719 qui
1008 645 1095 720 pidem

74 730 169 793 lubeat
186 737 219 792 in
238 733 324 792 idam
335 729 364 803 ¹·).
405 732 566 808 Episcopus
587 749 656 791 vcro
671 749 782 807 pavens
803 737 913 808 tanturn
927 730 1096 791 miraculum

75 820 167 894 ulique
201 817 374 895 divulgavit,
408 836 460 894 per
491 835 577 895 quem
610 821 695 884 etiam
728 817 900 892 quibusdem
931 815 1096 878 Abbatibus

75 905 167 966 ordinis
192 907 282 966 nostri
301 907 436 980 innotuit,
466 907 515 980 qui
542 921 617 965 anno
645 907 798 980 praeterito
820 904 891 964 illud
911 906 941 962 in
963 903 1095 980 Capitale

75 991 186 1070 generali
205 994 411 1066 recitaverunt,
443 994 551 1052 cunetis
572 991 668 1050 Deum
689 991 929 1068 glorificantibus,
958 993 1006 1066 qui
1027 991 1096 1050 fecit

75 1077 201 1139 mirabilia
231 1075 337 1156 magde
365 1075 485 1158 solus2).
526 1077 730 1138 NOVICIUS:
763 1076 857 1138 Valde
886 1095 933 1137 me
960 1077 1096 1137 laetificet

75 1163 165 1224 horum
192 1165 302 1226 relatio.
343 1163 577 1226 MONACHUS:
606 1164 734 1224 Adverte
762 1181 839 1225 nunc
864 1171 977 1241 quanta
1005 1167 1042 1236 sit
1066 1166 1095 1222 in

77 1266 181 1329 corpore
202 1251 306 1312 Christi
328 1251 458 1312 dulcedo.
551 1305 555 1312 .

377 1375 609 1450 cremonem
630 1389 782 1448 xxxrre
867 1459 869 1466 Α

111 1513 154 1572 De
174 1514 322 1600 corporali
343 1513 494 1573 dulcedine
521 1513 752 1572 caeremoniale
774 1529 866 1590 quoru
883 1516 1010 1590 percipit
1030 1517 1062 1574 c’rr

419 1617 508 1661 roera
524 1616 738 1659 commemorer.

131 1737 201 1798 Nori
228 1735 372 1814 quendam
400 1736 644 1797 sanctimonialem
666 1735 771 1795 ordinis
792 1738 896 1812 nostri,
926 1753 999 1810 quae
1020 1736 1098 1796 illam

79 1821 227 1884 aDomino
247 1825 358 1899 accepit
378 1827 506 1900 gretiam,
528 1829 560 1882 ut
582 1822 695 1899 quando
719 1826 910 1882 eommunicet
930 1831 1040 1884 tantam
1062 1840 1098 1883 ex

77 1909 130 1984 ipso
155 1907 232 1970 sacro
262 1927 379 1986 corpore
402 1899 580 1971 dnlcedinem
602 1913 729 1986 sentiat„
752 1927 787 1970 ac
815 1913 840 1968 si
866 1910 924 1969 mel
951 1913 1098 1988 receperit.

79 1993 133 2054 Non
151 2014 279 2075 saporem
300 2000 397 2073 panis,
423 1997 474 2057 scd
495 1997 586 2058 mellis
607 2004 640 2057 ut
661 1997 718 2054 dixi
743 1998 773 2055 in
795 1999 992 2058 masticatione
1013 2000 1100 2058 sentit

79 2088 130 2144 tcta
147 2084 194 2144 ille
214 2084 275 2160 die,
295 2087 419 2144 maxime
441 2092 506 2144 ente
528 2087 740 2160 perceptionem
762 2085 816 2144 eibi
840 2083 1007 2161 corporalis,
1028 2085 1099 2144 seli-

79 2187 136 2228 vam
146 2169 253 2231 habens
268 2171 441 2230 mellifluam.
483 2171 511 2230 N
513 2189 544 2231 ec
558 2175 669 2230 mirum.
711 2171 830 2248 Legitur
843 2175 917 2231 enim
936 2171 1100 2246 demortua,

79 2256 145 2332 qnod
157 2265 255 2334 gustus
270 2261 330 2318 eius
343 2259 427 2317 luerit
443 2261 524 2338 quasi
545 2259 665 2318 simulac
677 2255 697 2338 ³)
721 2275 787 2318 cum
807 2257 900 2318 melle.
928 2259 981 2318 Est
1003 2265 1100 2318 autern
1163 2335 1165 2339 ,

80 2343 168 2403 eadem
187 2345 407 2405 sanctimonialis
436 2347 516 2422 virgo
538 2348 615 2405 vitae
637 2345 822 2421 venerabilis,
845 2347 925 2406 cuius
947 2362 1100 2422 personam

79 2434 218 2509 supprimo,
240 2449 274 2492 eo
298 2431 377 2508 quod
397 2431 491 2492 adhuc
512 2435 600 2506 vivat,
622 2439 651 2491 et
673 2449 704 2492 se
725 2432 807 2509 prodi
827 2449 886 2492 non
906 2435 1059 2510 permittat.

424 2570 656 2631 CAPITULUM
681 2572 748 2632 XL.
869 2575 870 2578 ’

116 2705 185 2768 item
206 2709 241 2770 de
264 2710 414 2770 dulcedine
434 2684 545 2769 Aleide'e
565 2709 740 2770 Abbatiosae
760 2710 1000 2771 Moueeterr'ensic
1021 2726 1057 2768 ee

423 2815 511 2857 sacro
535 2815 748 2858 commemorer.
865 2875 868 2882 ¹

136 2931 259 2994 Similem
280 2937 401 3011 gretiam
424 2941 453 2995 et
472 2936 545 2995 forte
566 2937 718 3012 maiorem,
742 2935 839 2994 audivi
861 2933 994 2995 collatam
1014 2933 1102 2994 fuisse

81 3015 199 3082 dominam
226 3021 322 3082 Aleidi
346 3025 454 3098 primae
475 3023 650 3082 Abbatissae
670 3023 837 3082 Monasterii
859 3021 980 3086 civitatis
1002 3021 1104 3082 Wcst·

81 3103 161 3168 iuliae.
201 3107 284 3168 Haec
307 3113 550 3186 quotienscunque
572 3097 675 3185 dorpus
697 3109 813 3168 Domini
833 3125 852 3167 a
873 3109 1021 3168 sacerdote
1037 3125 1105 3169 sus·

82 3190 191 3276 cepit⁴)‚
212 3213 270 3255 non
284 3197 367 3271 penis
381 3195 553 3256 soliditatem
573 3199 646 3255 inter
668 3195 776 3270 dentes,
796 3213 890 3271 neque
911 3198 993 3271 panis
1015 3213 1104 3272 sapo-

82 3295 133 3338 rem
145 3283 215 3342 intra
231 3277 358 3362 ianccs⁵)
381 3286 476 3357 sensit,
497 3282 548 3343 red
570 3285 665 3358 ipsum
687 3290 898 3342 sacramentum
920 3284 1002 3360 quasi
1022 3283 1106 3343 levus

82 3365 162 3426 mellis
189 3371 248 3430 sine
281 3373 478 3430 masticatione
500 3388 550 3447 per
571 3376 670 3446 guttur
691 3372 752 3429 eius
773 3371 802 3427 in
823 3377 953 3430 ventrem
975 3369 1103 3442 defluxit,

82 3453 158 3512 sient
171 3458 240 3516 mira
254 3459 396 3518 suavitate
415 3461 510 3517 omnia
532 3459 593 3516 eius
613 3459 748 3518 interiora
768 3457 950 3532 replerentur.
983 3455 1106 3532 Quando

84 3535 204 3603 defuncte
230 3548 287 3620 est,
314 3542 445 3604 dominus
471 3543 632 3604 Florentius
659 3543 761 3604 Abbae
791 3544 827 3605 de
861 3544 969 3620 Campo
990 3547 1108 3601 sanctae

101 3759 127 3827 1]
142 3762 249 3830 Septem.
273 3765 304 3828 1,
328 3764 402 3817 1-2.
428 3793 458 3804 -
484 3765 516 3834 2)
541 3763 604 3818 Paul.
629 3763 693 3830 135,
718 3765 744 3814 1.
770 3793 801 3804 -
827 3765 859 3832 3)
882 3761 946 3816 ABG
973 3759 1107 3814 slmilee.

145 3831 212 3886 troo
231 3835 382 3900 16,³1.-
401 3833 471 3902 1)(1
490 3835 634 3912 eumpgit.
654 3863 685 3873 —
704 3833 735 3901 5)
754 3833 858 3911 ADos.
